sequence,symbol,ask_price,partitionKey,time_exchange,bid_size,id,ts,ask_size,bid_price
843518,QUOTE_COINBASE_SPOT_BTC_USDT,16859.76,QUOTE_COINBASE_SPOT_BTC_USDT,2023-01-04T16:38:06.920014Z,0.05933814,e37f9170-16db-4d9b-814f-20a08f30b99d,2023-01-04T16:38:06.978777100Z,0.08,16858.87
843528,QUOTE_COINBASE_SPOT_BTC_USDT,16861.29,QUOTE_COINBASE_SPOT_BTC_USDT,2023-01-04T16:38:07.385442Z,0.03794989,84fc7f5e-fc45-4a6f-87c5-3aa5a87aad34,2023-01-04T16:38:07.444063800Z,0.01,16859.76
843532,QUOTE_COINBASE_SPOT_BTC_USDT,16861.29,QUOTE_COINBASE_SPOT_BTC_USDT,2023-01-04T16:38:07.917096Z,0.03794989,a6e068ed-66d5-42e7-9bb1-c52bc35ad239,2023-01-04T16:38:07.979444200Z,0.01,16860.01
843537,QUOTE_COINBASE_SPOT_BTC_USDT,16861.29,QUOTE_COINBASE_SPOT_BTC_USDT,2023-01-04T16:38:08.346902Z,0.004,1ef80b67-7d89-4729-8602-3b650760a1f6,2023-01-04T16:38:08.418239300Z,0.01,16860.03
843542,QUOTE_COINBASE_SPOT_BTC_USDT,16861.29,QUOTE_COINBASE_SPOT_BTC_USDT,2023-01-04T16:38:08.740311Z,0.03794989,b68a5ec9-61bd-447a-a545-7baccf4f0e71,2023-01-04T16:38:08.801272300Z,0.01,16860.03
843555,QUOTE_COINBASE_SPOT_BTC_USDT,16861.29,QUOTE_COINBASE_SPOT_BTC_USDT,2023-01-04T16:38:09.147986Z,0.0312,025f5cab-eddb-47d8-89b7-50fffb2f2b76,2023-01-04T16:38:09.229702900Z,0.01,16860.26
843556,QUOTE_COINBASE_SPOT_BTC_USDT,16861.29,QUOTE_COINBASE_SPOT_BTC_USDT,2023-01-04T16:38:09.605846Z,0.05933329,c4c95e01-f92b-44f1-b639-81aed9a49023,2023-01-04T16:38:09.666892Z,0.01,16860.25
843562,QUOTE_COINBASE_SPOT_BTC_USDT,16861.29,QUOTE_COINBASE_SPOT_BTC_USDT,2023-01-04T16:38:10.078342Z,0.05933329,13d9d72d-c748-414a-b999-0b9b45024f35,2023-01-04T16:38:10.138019500Z,0.01,16860.25
843568,QUOTE_COINBASE_SPOT_BTC_USDT,16861.29,QUOTE_COINBASE_SPOT_BTC_USDT,2023-01-04T16:38:11.088695Z,0.05933329,0aebe087-e5cc-439c-8bf0-b6c77ced2403,2023-01-04T16:38:11.146971400Z,0.01,16860.25
843571,QUOTE_COINBASE_SPOT_BTC_USDT,16861.29,QUOTE_COINBASE_SPOT_BTC_USDT,2023-01-04T16:38:11.744205Z,0.03794989,ef481559-d1ce-4a52-8400-6f3e13ec362e,2023-01-04T16:38:11.805748600Z,0.01,16860.39
843572,QUOTE_COINBASE_SPOT_BTC_USDT,16861.29,QUOTE_COINBASE_SPOT_BTC_USDT,2023-01-04T16:38:12.007374Z,0.004,30a22197-dfcc-4abf-a277-297051905c9a,2023-01-04T16:38:12.069900700Z,0.01,16860.4
843587,QUOTE_COINBASE_SPOT_BTC_USDT,16861.29,QUOTE_COINBASE_SPOT_BTC_USDT,2023-01-04T16:38:12.790385Z,0.004,61ae48e8-c1e7-4261-9ec8-60ff0fce5205,2023-01-04T16:38:12.857042400Z,0.01,16860.26
843601,QUOTE_COINBASE_SPOT_BTC_USDT,16861.29,QUOTE_COINBASE_SPOT_BTC_USDT,2023-01-04T16:38:13.325014Z,0.004,f4f1233e-dd61-489e-ad00-bac0bfd4ba6d,2023-01-04T16:38:13.387610600Z,0.01,16860.27
843605,QUOTE_COINBASE_SPOT_BTC_USDT,16861.29,QUOTE_COINBASE_SPOT_BTC_USDT,2023-01-04T16:38:14.403365Z,0.004,fef7548a-e752-4dbc-9706-fbd0005bd32a,2023-01-04T16:38:14.462252300Z,0.01,16860.32
843608,QUOTE_COINBASE_SPOT_BTC_USDT,16861.29,QUOTE_COINBASE_SPOT_BTC_USDT,2023-01-04T16:38:15.422180Z,0.05933329,dab7448c-7b82-47c5-a6fe-fee4449b2e11,2023-01-04T16:38:15.480688800Z,0.01,16860.25
843609,QUOTE_COINBASE_SPOT_BTC_USDT,16861.29,QUOTE_COINBASE_SPOT_BTC_USDT,2023-01-04T16:38:15.437172Z,3.29e-06,d2029d6c-a90d-4b19-a392-4aa2af0e32f0,2023-01-04T16:38:15.495902100Z,0.01,16860.25
843610,QUOTE_COINBASE_SPOT_BTC_USDT,16861.29,QUOTE_COINBASE_SPOT_BTC_USDT,2023-01-04T16:38:15.987482Z,0.05933658,d3c00e4e-512c-41f5-851b-c01d2667c230,2023-01-04T16:38:16.047873800Z,0.01,16860.25
843612,QUOTE_COINBASE_SPOT_BTC_USDT,16861.29,QUOTE_COINBASE_SPOT_BTC_USDT,2023-01-04T16:38:18.155663Z,0.05933658,b6ae6a83-ce5a-40f6-87a9-ea274d238eb3,2023-01-04T16:38:18.217714300Z,0.01,16860.25
843613,QUOTE_COINBASE_SPOT_BTC_USDT,16861.29,QUOTE_COINBASE_SPOT_BTC_USDT,2023-01-04T16:38:20.280575Z,0.05,2d023a93-2aeb-4434-930c-e5cd192c2299,2023-01-04T16:38:20.348433400Z,0.01,16860.28
843614,QUOTE_COINBASE_SPOT_BTC_USDT,16861.29,QUOTE_COINBASE_SPOT_BTC_USDT,2023-01-04T16:38:20.506531Z,0.05933658,ff98c2a1-8ebb-4dc2-8d22-9cdf7d2a4ae2,2023-01-04T16:38:20.565333900Z,0.01,16860.25
843617,QUOTE_COINBASE_SPOT_BTC_USDT,16861.29,QUOTE_COINBASE_SPOT_BTC_USDT,2023-01-04T16:38:21.630396Z,3.29e-06,4540c26e-cb42-442d-adfb-0794bf2f1a7e,2023-01-04T16:38:21.694465700Z,0.01,16860.25
843622,QUOTE_COINBASE_SPOT_BTC_USDT,16861.67,QUOTE_COINBASE_SPOT_BTC_USDT,2023-01-04T16:38:22.345656Z,0.03794989,742c4a2d-cf8c-4619-8497-454a7322a8eb,2023-01-04T16:38:22.404046400Z,0.04,16860.39
843623,QUOTE_COINBASE_SPOT_BTC_USDT,16861.56,QUOTE_COINBASE_SPOT_BTC_USDT,2023-01-04T16:38:22.516612Z,0.03794989,767f7c1f-78b9-47be-b74c-596e7c9f47f3,2023-01-04T16:38:22.575894300Z,0.01,16860.39
843626,QUOTE_COINBASE_SPOT_BTC_USDT,16861.56,QUOTE_COINBASE_SPOT_BTC_USDT,2023-01-04T16:38:25.205172Z,0.00064011,4b15b3df-f93e-4e9f-9393-6d6c4c30eac4,2023-01-04T16:38:25.263556100Z,0.01,16860.63
843636,QUOTE_COINBASE_SPOT_BTC_USDT,16861.56,QUOTE_COINBASE_SPOT_BTC_USDT,2023-01-04T16:38:26.399077Z,0.00050993,d7e9c05e-2097-480d-b8ac-1878781069a9,2023-01-04T16:38:26.459273800Z,0.01,16859.5
843638,QUOTE_COINBASE_SPOT_BTC_USDT,16861.56,QUOTE_COINBASE_SPOT_BTC_USDT,2023-01-04T16:38:27.799671Z,0.00050993,7989c7de-4777-4d25-82d8-0e31885ec33a,2023-01-04T16:38:27.862253100Z,0.01,16859.5
843640,QUOTE_COINBASE_SPOT_BTC_USDT,16861.56,QUOTE_COINBASE_SPOT_BTC_USDT,2023-01-04T16:38:28.003242Z,0.03794989,d0371ae1-5467-4782-85f7-6edb6a747cc0,2023-01-04T16:38:28.068387400Z,0.01,16859.74
843643,QUOTE_COINBASE_SPOT_BTC_USDT,16861.56,QUOTE_COINBASE_SPOT_BTC_USDT,2023-01-04T16:38:30.769069Z,0.05,10a1b3eb-b640-4ee4-918a-a759e9c7b8b8,2023-01-04T16:38:30.830828800Z,0.01,16860.28
843644,QUOTE_COINBASE_SPOT_BTC_USDT,16861.56,QUOTE_COINBASE_SPOT_BTC_USDT,2023-01-04T16:38:31.131471Z,0.03794989,27315bec-bb60-4996-a186-a6c591c0f3dd,2023-01-04T16:38:31.190663200Z,0.01,16859.66
843648,QUOTE_COINBASE_SPOT_BTC_USDT,16861.56,QUOTE_COINBASE_SPOT_BTC_USDT,2023-01-04T16:38:31.657239Z,0.03794989,58b05fe9-ea53-4aab-b4c7-81bbcc92a48a,2023-01-04T16:38:31.720212200Z,0.01,16859.66
843650,QUOTE_COINBASE_SPOT_BTC_USDT,16861.54,QUOTE_COINBASE_SPOT_BTC_USDT,2023-01-04T16:38:33.648165Z,0.03794989,19ac5d6b-a631-4871-b73b-c908ac08c924,2023-01-04T16:38:33.712208600Z,0.02,16859.66
843653,QUOTE_COINBASE_SPOT_BTC_USDT,16861.55,QUOTE_COINBASE_SPOT_BTC_USDT,2023-01-04T16:38:33.970237Z,2.92e-06,a42c8c88-6857-4ae0-915d-06b208d03ce6,2023-01-04T16:38:34.033245200Z,0.05932874,16860.65
843655,QUOTE_COINBASE_SPOT_BTC_USDT,16861.55,QUOTE_COINBASE_SPOT_BTC_USDT,2023-01-04T16:38:35.714650Z,2.92e-06,719bd408-8cd9-471c-b8a3-7b43aae7787d,2023-01-04T16:38:35.775393800Z,0.05932874,16860.65
843656,QUOTE_COINBASE_SPOT_BTC_USDT,16861.54,QUOTE_COINBASE_SPOT_BTC_USDT,2023-01-04T16:38:36.207471Z,2.92e-06,03e958f0-5155-4d2e-98a4-ab17d2acc882,2023-01-04T16:38:36.266224Z,0.02,16860.65
843658,QUOTE_COINBASE_SPOT_BTC_USDT,16861.56,QUOTE_COINBASE_SPOT_BTC_USDT,2023-01-04T16:38:37.697241Z,2.92e-06,075a1a02-45d7-4a01-8b5d-93ce1faea1da,2023-01-04T16:38:37.755389Z,0.01,16860.65
843693,QUOTE_COINBASE_SPOT_BTC_USDT,16861.32,QUOTE_COINBASE_SPOT_BTC_USDT,2023-01-04T16:38:39.392557Z,0.024,165391d3-4a00-4a64-9b06-7f4e2369cf73,2023-01-04T16:38:39.463902500Z,0.149188,16857.25
843721,QUOTE_COINBASE_SPOT_BTC_USDT,16859.33,QUOTE_COINBASE_SPOT_BTC_USDT,2023-01-04T16:38:39.897016Z,0.03794989,6d3493ab-e08c-4844-9d71-8abcb7502f47,2023-01-04T16:38:39.957099400Z,0.03794989,16856.06
843728,QUOTE_COINBASE_SPOT_BTC_USDT,16859.08,QUOTE_COINBASE_SPOT_BTC_USDT,2023-01-04T16:38:40.112736Z,0.03794989,9b445314-463f-4cc7-b027-8a4fc5185220,2023-01-04T16:38:40.174041500Z,0.004,16856.07
843732,QUOTE_COINBASE_SPOT_BTC_USDT,16859.05,QUOTE_COINBASE_SPOT_BTC_USDT,2023-01-04T16:38:40.896332Z,0.03794989,4ef1a7a4-db19-4275-9f44-1f3f4862a51f,2023-01-04T16:38:40.956186600Z,0.02,16856.07
843735,QUOTE_COINBASE_SPOT_BTC_USDT,16858.79,QUOTE_COINBASE_SPOT_BTC_USDT,2023-01-04T16:38:41.127011Z,0.03794989,fd6a6639-04ef-4350-b7bc-ebf4a8aba30a,2023-01-04T16:38:41.189266100Z,0.01,16856.07
843737,QUOTE_COINBASE_SPOT_BTC_USDT,16858.79,QUOTE_COINBASE_SPOT_BTC_USDT,2023-01-04T16:38:41.770600Z,0.03794989,70852d56-c364-4342-aad0-db98b876db7e,2023-01-04T16:38:41.829079400Z,0.01,16855.46
843747,QUOTE_COINBASE_SPOT_BTC_USDT,16858.64,QUOTE_COINBASE_SPOT_BTC_USDT,2023-01-04T16:38:42.234814Z,0.03794989,eab04560-0661-48ce-98f8-12110b9e0b7a,2023-01-04T16:38:42.293631700Z,0.0730965,16854.94
843748,QUOTE_COINBASE_SPOT_BTC_USDT,16858.63,QUOTE_COINBASE_SPOT_BTC_USDT,2023-01-04T16:38:42.488107Z,0.03794989,f285ab49-5c16-4040-97b1-54b55f7922e0,2023-01-04T16:38:42.547737Z,0.02,16854.94
843767,QUOTE_COINBASE_SPOT_BTC_USDT,16858.53,QUOTE_COINBASE_SPOT_BTC_USDT,2023-01-04T16:38:43.323223Z,0.03794989,ac127733-a0e1-4c2d-87ef-7403db5934ca,2023-01-04T16:38:43.382327500Z,0.0730965,16854.94
843775,QUOTE_COINBASE_SPOT_BTC_USDT,16858.47,QUOTE_COINBASE_SPOT_BTC_USDT,2023-01-04T16:38:43.856001Z,0.03794989,ea51ff32-5ed5-4826-be71-4504a92ffe38,2023-01-04T16:38:43.917319100Z,0.08900943,16854.94
843782,QUOTE_COINBASE_SPOT_BTC_USDT,16857.37,QUOTE_COINBASE_SPOT_BTC_USDT,2023-01-04T16:38:44.353748Z,0.03794989,adbd65be-5b07-4cb1-b017-567ca19445b8,2023-01-04T16:38:44.412168400Z,0.01,16854.17
843784,QUOTE_COINBASE_SPOT_BTC_USDT,16857.36,QUOTE_COINBASE_SPOT_BTC_USDT,2023-01-04T16:38:44.705732Z,0.08794989,cc3913dc-8750-4b85-9ae5-e5239abff326,2023-01-04T16:38:44.766025300Z,0.004,16854.17
843798,QUOTE_COINBASE_SPOT_BTC_USDT,16857.37,QUOTE_COINBASE_SPOT_BTC_USDT,2023-01-04T16:38:45.794745Z,0.03794989,3450ca9b-21ae-4c06-b0f2-bcc6ac0ca7e5,2023-01-04T16:38:45.869075300Z,0.01,16855.25
843800,QUOTE_COINBASE_SPOT_BTC_USDT,16857.37,QUOTE_COINBASE_SPOT_BTC_USDT,2023-01-04T16:38:46.118634Z,0.03794989,84fcfbdf-3fc0-4d82-aad5-e14a6102b5bc,2023-01-04T16:38:46.177834200Z,0.01,16855.74
843801,QUOTE_COINBASE_SPOT_BTC_USDT,16857.37,QUOTE_COINBASE_SPOT_BTC_USDT,2023-01-04T16:38:47.968325Z,0.05934994,e55906fc-3a37-48cb-b096-5c990a3732ed,2023-01-04T16:38:48.042810400Z,0.01,16855.52
843802,QUOTE_COINBASE_SPOT_BTC_USDT,16857.37,QUOTE_COINBASE_SPOT_BTC_USDT,2023-01-04T16:38:49.400776Z,9.94e-06,28635805-a0a6-471b-9d20-67b2fc63e419,2023-01-04T16:38:49.460850600Z,0.01,16855.52
843820,QUOTE_COINBASE_SPOT_BTC_USDT,16856.58,QUOTE_COINBASE_SPOT_BTC_USDT,2023-01-04T16:38:49.849638Z,0.03794989,08ff8e92-ceea-4291-b5e2-325ce5ff9310,2023-01-04T16:38:49.918756100Z,0.02,16854.37
843826,QUOTE_COINBASE_SPOT_BTC_USDT,16856.58,QUOTE_COINBASE_SPOT_BTC_USDT,2023-01-04T16:38:50.098157Z,0.03794989,d7ece83a-b20a-428c-a3fa-232af089fb79,2023-01-04T16:38:50.168331800Z,0.02,16854.37
843829,QUOTE_COINBASE_SPOT_BTC_USDT,16856.59,QUOTE_COINBASE_SPOT_BTC_USDT,2023-01-04T16:38:52.103894Z,0.03794989,a6303edb-fc8e-4f87-8814-52db440f65d2,2023-01-04T16:38:52.166146100Z,0.01,16854.6
843842,QUOTE_COINBASE_SPOT_BTC_USDT,16856.7,QUOTE_COINBASE_SPOT_BTC_USDT,2023-01-04T16:38:52.877057Z,0.03794989,3aff7e78-f52c-4216-9534-ffbac525c7b8,2023-01-04T16:38:52.938356600Z,0.02,16854.13
843846,QUOTE_COINBASE_SPOT_BTC_USDT,16855.97,QUOTE_COINBASE_SPOT_BTC_USDT,2023-01-04T16:38:53.042849Z,0.03794989,af6c76cc-bfc2-4828-9039-ccbdec6ca3c6,2023-01-04T16:38:53.105100200Z,0.01,16854.13
843847,QUOTE_COINBASE_SPOT_BTC_USDT,16856.21,QUOTE_COINBASE_SPOT_BTC_USDT,2023-01-04T16:38:54.279971Z,0.03794989,66a5b6bb-3a4f-4418-82ec-72a706fe6024,2023-01-04T16:38:54.341174100Z,0.05934751,16854.13
843848,QUOTE_COINBASE_SPOT_BTC_USDT,16855.96,QUOTE_COINBASE_SPOT_BTC_USDT,2023-01-04T16:38:54.425507Z,0.03794989,fcf7be61-de0b-4e70-920e-ab2f1528b575,2023-01-04T16:38:54.486524200Z,0.01,16854.13
843850,QUOTE_COINBASE_SPOT_BTC_USDT,16855.96,QUOTE_COINBASE_SPOT_BTC_USDT,2023-01-04T16:38:56.887932Z,0.03794989,27d9b4fa-54fa-4d3a-bdb3-5a5edfc9c159,2023-01-04T16:38:56.947273700Z,0.01,16854.13
843852,QUOTE_COINBASE_SPOT_BTC_USDT,16855.96,QUOTE_COINBASE_SPOT_BTC_USDT,2023-01-04T16:38:57.396770Z,0.09730547,fb902432-fc55-40b7-8899-79796af9e651,2023-01-04T16:38:57.457367600Z,0.01,16853.91
843859,QUOTE_COINBASE_SPOT_BTC_USDT,16855.86,QUOTE_COINBASE_SPOT_BTC_USDT,2023-01-04T16:38:57.752031Z,0.05935751,7c27abbd-08ed-4af1-ba05-a279c1882a7a,2023-01-04T16:38:57.816763800Z,0.01,16853.38
843864,QUOTE_COINBASE_SPOT_BTC_USDT,16855.85,QUOTE_COINBASE_SPOT_BTC_USDT,2023-01-04T16:38:58.068140Z,0.05935751,6adc3c4a-cea7-4517-8691-b5b924a3e406,2023-01-04T16:38:58.129997700Z,0.004,16853.38
843865,QUOTE_COINBASE_SPOT_BTC_USDT,16855.85,QUOTE_COINBASE_SPOT_BTC_USDT,2023-01-04T16:38:59.401513Z,0.00021591,abcc6c3a-ed35-4d59-a4ed-e799e5b23692,2023-01-04T16:38:59.459897500Z,0.004,16853.39
843866,QUOTE_COINBASE_SPOT_BTC_USDT,16855.85,QUOTE_COINBASE_SPOT_BTC_USDT,2023-01-04T16:38:59.571308Z,0.05935751,ae906462-2107-41cb-b675-765a8dd4a6dd,2023-01-04T16:38:59.632532300Z,0.004,16853.38
843868,QUOTE_COINBASE_SPOT_BTC_USDT,16855.86,QUOTE_COINBASE_SPOT_BTC_USDT,2023-01-04T16:39:00.413935Z,0.05,ba52811c-4685-4560-ba86-e420831345a4,2023-01-04T16:39:00.473757200Z,0.01,16853.4
843877,QUOTE_COINBASE_SPOT_BTC_USDT,16855.86,QUOTE_COINBASE_SPOT_BTC_USDT,2023-01-04T16:39:00.817602Z,0.03794989,55c5b771-2649-4373-9994-7a374183bc3b,2023-01-04T16:39:00.885297100Z,0.01,16854.08
843878,QUOTE_COINBASE_SPOT_BTC_USDT,16855.86,QUOTE_COINBASE_SPOT_BTC_USDT,2023-01-04T16:39:02.401046Z,0.05935576,3f286983-a909-4af9-8cf4-4cda49120d67,2023-01-04T16:39:02.459965400Z,0.01,16853.88
843889,QUOTE_COINBASE_SPOT_BTC_USDT,16855.74,QUOTE_COINBASE_SPOT_BTC_USDT,2023-01-04T16:39:03.878388Z,5.76e-06,dbc54514-4ef3-4892-ab63-f57db14d5166,2023-01-04T16:39:03.937224700Z,0.03794989,16853.88
843896,QUOTE_COINBASE_SPOT_BTC_USDT,16855.75,QUOTE_COINBASE_SPOT_BTC_USDT,2023-01-04T16:39:04.255988Z,5.76e-06,9be8b377-8310-43fe-a1df-211f35ecbfea,2023-01-04T16:39:04.314425100Z,0.004,16853.88
843899,QUOTE_COINBASE_SPOT_BTC_USDT,16855.06,QUOTE_COINBASE_SPOT_BTC_USDT,2023-01-04T16:39:04.774022Z,5.76e-06,fa39c485-a90c-494b-b5b0-a853f6995cd5,2023-01-04T16:39:04.832244500Z,0.01,16853.88
843902,QUOTE_COINBASE_SPOT_BTC_USDT,16855.04,QUOTE_COINBASE_SPOT_BTC_USDT,2023-01-04T16:39:05.234634Z,0.05936152,f6694eb9-957b-4c24-8e01-06ac97d222ab,2023-01-04T16:39:05.297928700Z,0.01,16853.88
843905,QUOTE_COINBASE_SPOT_BTC_USDT,16855.04,QUOTE_COINBASE_SPOT_BTC_USDT,2023-01-04T16:39:06.371335Z,0.10936152,cb48d6c9-e18c-456c-8a6a-72939f61361f,2023-01-04T16:39:06.435438500Z,0.01,16853.88
843906,QUOTE_COINBASE_SPOT_BTC_USDT,16855.04,QUOTE_COINBASE_SPOT_BTC_USDT,2023-01-04T16:39:06.442639Z,0.05936152,08bb0be1-1af2-4155-81b0-ff58ac987285,2023-01-04T16:39:06.501289700Z,0.01,16853.88
843907,QUOTE_COINBASE_SPOT_BTC_USDT,16855.04,QUOTE_COINBASE_SPOT_BTC_USDT,2023-01-04T16:39:09.113997Z,1.52e-06,70d720be-8017-4e36-b457-e0f7dcbce5d1,2023-01-04T16:39:09.175276700Z,0.01,16853.88
843915,QUOTE_COINBASE_SPOT_BTC_USDT,16855.04,QUOTE_COINBASE_SPOT_BTC_USDT,2023-01-04T16:39:10.226121Z,0.14839588,8c88713b-bd0a-41ef-8bdd-d020c84ec356,2023-01-04T16:39:10.284724500Z,0.01,16853.13
843927,QUOTE_COINBASE_SPOT_BTC_USDT,16854.54,QUOTE_COINBASE_SPOT_BTC_USDT,2023-01-04T16:39:11.214820Z,0.05936206,d3481e31-50a3-4e87-8127-c784c115d2ef,2023-01-04T16:39:11.273909900Z,0.01,16852.08
843929,QUOTE_COINBASE_SPOT_BTC_USDT,16854.54,QUOTE_COINBASE_SPOT_BTC_USDT,2023-01-04T16:39:11.737032Z,0.05936206,47729330-22bc-484a-b4f3-401daec08fd1,2023-01-04T16:39:11.795859900Z,0.01,16852.08
843935,QUOTE_COINBASE_SPOT_BTC_USDT,16853.54,QUOTE_COINBASE_SPOT_BTC_USDT,2023-01-04T16:39:12.310007Z,0.05936206,ec43ed0d-d347-4892-b8e1-26d075a61081,2023-01-04T16:39:12.373735900Z,0.01,16852.08
843936,QUOTE_COINBASE_SPOT_BTC_USDT,16853.54,QUOTE_COINBASE_SPOT_BTC_USDT,2023-01-04T16:39:12.675105Z,0.05,e48d54a0-ba34-4890-ba3f-22a507a005b4,2023-01-04T16:39:12.734510400Z,0.01,16852.11
843940,QUOTE_COINBASE_SPOT_BTC_USDT,16853.54,QUOTE_COINBASE_SPOT_BTC_USDT,2023-01-04T16:39:13.768544Z,0.03794989,fd7957f6-9df8-4294-9ca0-156807b4a914,2023-01-04T16:39:13.863235200Z,0.01,16852.43
843944,QUOTE_COINBASE_SPOT_BTC_USDT,16853.54,QUOTE_COINBASE_SPOT_BTC_USDT,2023-01-04T16:39:14.415200Z,0.03794989,3b748c36-ac66-4743-b826-4e3129bae343,2023-01-04T16:39:14.474377300Z,0.01,16852.39
843945,QUOTE_COINBASE_SPOT_BTC_USDT,16853.54,QUOTE_COINBASE_SPOT_BTC_USDT,2023-01-04T16:39:14.681404Z,0.02,2e3ae6e9-514f-42fe-b7b4-e5f60d397c60,2023-01-04T16:39:14.740262300Z,0.01,16852.4
843948,QUOTE_COINBASE_SPOT_BTC_USDT,16853.54,QUOTE_COINBASE_SPOT_BTC_USDT,2023-01-04T16:39:15.190216Z,0.14840477,485cc74c-e128-4c65-87a0-abd50554b492,2023-01-04T16:39:15.253013Z,0.01,16852.12
843950,QUOTE_COINBASE_SPOT_BTC_USDT,16853.52,QUOTE_COINBASE_SPOT_BTC_USDT,2023-01-04T16:39:15.817746Z,0.14840477,b12a52d1-32ca-4788-8811-a73a7ccdd52f,2023-01-04T16:39:15.878951600Z,0.01,16852.12
843952,QUOTE_COINBASE_SPOT_BTC_USDT,16853.52,QUOTE_COINBASE_SPOT_BTC_USDT,2023-01-04T16:39:16.165027Z,0.14840477,062e985d-d5c4-48f7-a7ce-7ece6c780d76,2023-01-04T16:39:16.224951600Z,0.01,16852.12
843953,QUOTE_COINBASE_SPOT_BTC_USDT,16853.52,QUOTE_COINBASE_SPOT_BTC_USDT,2023-01-04T16:39:16.504061Z,0.05,c61ef59c-c914-41e7-a23b-6282e2f5f06b,2023-01-04T16:39:16.562740700Z,0.01,16852.14
843954,QUOTE_COINBASE_SPOT_BTC_USDT,16853.52,QUOTE_COINBASE_SPOT_BTC_USDT,2023-01-04T16:39:17.274981Z,0.14840477,373263a9-463a-4dfe-9931-cce505d9667b,2023-01-04T16:39:17.335430900Z,0.01,16852.12
843955,QUOTE_COINBASE_SPOT_BTC_USDT,16853.52,QUOTE_COINBASE_SPOT_BTC_USDT,2023-01-04T16:39:18.445480Z,0.19840477,64b5e0bd-bb95-42ab-b9a2-0e8884507e54,2023-01-04T16:39:18.503771200Z,0.01,16852.12
843961,QUOTE_COINBASE_SPOT_BTC_USDT,16854.28,QUOTE_COINBASE_SPOT_BTC_USDT,2023-01-04T16:39:19.420936Z,0.14840477,60e0ff42-0cc7-4617-9d63-b04cadc4748a,2023-01-04T16:39:19.480041800Z,0.02,16852.12
843962,QUOTE_COINBASE_SPOT_BTC_USDT,16853.32,QUOTE_COINBASE_SPOT_BTC_USDT,2023-01-04T16:39:19.495857Z,0.14840477,728a0ebb-be75-4fd5-b7ee-cc3b5504fb0a,2023-01-04T16:39:19.555437500Z,0.01,16852.12
843963,QUOTE_COINBASE_SPOT_BTC_USDT,16853.32,QUOTE_COINBASE_SPOT_BTC_USDT,2023-01-04T16:39:20.629132Z,0.02704467,4c9ffc42-04ea-4794-9997-de0f31c215e0,2023-01-04T16:39:20.688042400Z,0.01,16852.12
843965,QUOTE_COINBASE_SPOT_BTC_USDT,16853.32,QUOTE_COINBASE_SPOT_BTC_USDT,2023-01-04T16:39:21.601570Z,0.02,e522672d-6ce5-4d08-b34b-0124c8479d7f,2023-01-04T16:39:21.659911300Z,0.01,16852.19
843967,QUOTE_COINBASE_SPOT_BTC_USDT,16853.32,QUOTE_COINBASE_SPOT_BTC_USDT,2023-01-04T16:39:23.903449Z,0.02704467,c292f421-83d8-4199-90c5-14e16d1785d1,2023-01-04T16:39:23.961718900Z,0.01,16852.12
843969,QUOTE_COINBASE_SPOT_BTC_USDT,16853.32,QUOTE_COINBASE_SPOT_BTC_USDT,2023-01-04T16:39:24.998992Z,0.02704467,e099432d-49f7-45a1-9b25-c13cc5ffd85c,2023-01-04T16:39:25.059675500Z,0.01,16852.12
843970,QUOTE_COINBASE_SPOT_BTC_USDT,16853.32,QUOTE_COINBASE_SPOT_BTC_USDT,2023-01-04T16:39:25.905032Z,0.05,d12ee8ce-cce6-4f25-810c-0fe6af8cd777,2023-01-04T16:39:25.967528100Z,0.01,16852.15
843972,QUOTE_COINBASE_SPOT_BTC_USDT,16853.58,QUOTE_COINBASE_SPOT_BTC_USDT,2023-01-04T16:39:26.366289Z,0.02,46fa1a2a-45c8-4ed0-85a9-4b4954bf439c,2023-01-04T16:39:26.425064500Z,0.02,16852.16
843973,QUOTE_COINBASE_SPOT_BTC_USDT,16853.3,QUOTE_COINBASE_SPOT_BTC_USDT,2023-01-04T16:39:26.512807Z,0.02,444e3150-dc43-42fd-b43d-aaab3344b90f,2023-01-04T16:39:26.571140500Z,0.01,16852.16
843977,QUOTE_COINBASE_SPOT_BTC_USDT,16853.3,QUOTE_COINBASE_SPOT_BTC_USDT,2023-01-04T16:39:27.244618Z,0.02,c65ca2ea-5cb3-4002-902f-4ef7142f41d1,2023-01-04T16:39:27.309342400Z,0.01,16852.23
843981,QUOTE_COINBASE_SPOT_BTC_USDT,16853.3,QUOTE_COINBASE_SPOT_BTC_USDT,2023-01-04T16:39:27.737082Z,0.03794989,9be47f4f-f5d8-4314-9a5b-c6b76a97a3a9,2023-01-04T16:39:27.795796700Z,0.01,16852.32
844028,QUOTE_COINBASE_SPOT_BTC_USDT,16855.86,QUOTE_COINBASE_SPOT_BTC_USDT,2023-01-04T16:39:28.905517Z,0.02,02e29106-cdea-438f-b278-84334244d610,2023-01-04T16:39:28.968210900Z,0.16,16854.06
844041,QUOTE_COINBASE_SPOT_BTC_USDT,16855.15,QUOTE_COINBASE_SPOT_BTC_USDT,2023-01-04T16:39:29.387617Z,0.08903273,1e7e7f08-dab2-4c65-9c9d-7ba020a70e2c,2023-01-04T16:39:29.446416Z,0.04,16854.05
844051,QUOTE_COINBASE_SPOT_BTC_USDT,16855.84,QUOTE_COINBASE_SPOT_BTC_USDT,2023-01-04T16:39:29.866167Z,0.02,8b9ae8fb-85ac-497e-b34a-c0f1baaefb26,2023-01-04T16:39:29.925378Z,0.16,16854.07
844080,QUOTE_COINBASE_SPOT_BTC_USDT,16854.72,QUOTE_COINBASE_SPOT_BTC_USDT,2023-01-04T16:39:30.378961Z,0.02,6ab12499-a01c-44dc-bb45-6d43c036ec76,2023-01-04T16:39:30.437937300Z,0.01,16854.21
844113,QUOTE_COINBASE_SPOT_BTC_USDT,16858.13,QUOTE_COINBASE_SPOT_BTC_USDT,2023-01-04T16:39:30.836118Z,0.03794989,1bd33991-5fb5-45fc-b847-0bd0dc4f0b94,2023-01-04T16:39:30.895696400Z,0.03563232,16855.55
844120,QUOTE_COINBASE_SPOT_BTC_USDT,16857.51,QUOTE_COINBASE_SPOT_BTC_USDT,2023-01-04T16:39:31.311503Z,0.14836538,9339137b-9afd-45cf-9d2d-052e5965fdca,2023-01-04T16:39:31.376224500Z,0.01,16856.61
844123,QUOTE_COINBASE_SPOT_BTC_USDT,16857.49,QUOTE_COINBASE_SPOT_BTC_USDT,2023-01-04T16:39:32.402645Z,0.14836538,f55741c2-c768-4452-a8a6-0c76b127806f,2023-01-04T16:39:32.461330300Z,0.01,16856.61
844130,QUOTE_COINBASE_SPOT_BTC_USDT,16857.75,QUOTE_COINBASE_SPOT_BTC_USDT,2023-01-04T16:39:34.362721Z,0.02,7d911f8b-e423-4c52-ab3c-a41067c639f8,2023-01-04T16:39:34.426892500Z,0.02,16856.64
844152,QUOTE_COINBASE_SPOT_BTC_USDT,16860.06,QUOTE_COINBASE_SPOT_BTC_USDT,2023-01-04T16:39:34.916972Z,0.08794989,58447e21-8d77-4598-9e34-ef6a77a8a4a5,2023-01-04T16:39:34.975466500Z,0.03794989,16856.97
844173,QUOTE_COINBASE_SPOT_BTC_USDT,16858.73,QUOTE_COINBASE_SPOT_BTC_USDT,2023-01-04T16:39:35.402914Z,0.05934453,0102ddda-6f6d-4b29-8aa3-8add5d936bf4,2023-01-04T16:39:35.463998900Z,0.02,16857.07
844177,QUOTE_COINBASE_SPOT_BTC_USDT,16858.47,QUOTE_COINBASE_SPOT_BTC_USDT,2023-01-04T16:39:35.741037Z,0.0312,4f36fa3e-8399-45cb-a0ad-94e326911059,2023-01-04T16:39:35.799914500Z,0.01,16857.06
844188,QUOTE_COINBASE_SPOT_BTC_USDT,16858.47,QUOTE_COINBASE_SPOT_BTC_USDT,2023-01-04T16:39:36.791142Z,0.03794989,51d23fc4-8e2c-40af-9427-2fd7ae2f6e6f,2023-01-04T16:39:36.850154400Z,0.01,16857.15
844210,QUOTE_COINBASE_SPOT_BTC_USDT,16860.39,QUOTE_COINBASE_SPOT_BTC_USDT,2023-01-04T16:39:37.325396Z,0.177,c1554c56-3150-428b-9e6e-9bb26e56fc8e,2023-01-04T16:39:37.385504900Z,0.01,16859.14
844221,QUOTE_COINBASE_SPOT_BTC_USDT,16860.73,QUOTE_COINBASE_SPOT_BTC_USDT,2023-01-04T16:39:37.702812Z,0.0312,a520da89-e271-4db9-8398-82a4b4063106,2023-01-04T16:39:37.761422500Z,0.01,16859.16
844222,QUOTE_COINBASE_SPOT_BTC_USDT,16860.73,QUOTE_COINBASE_SPOT_BTC_USDT,2023-01-04T16:39:37.951447Z,0.07580636,23fd0b10-06f7-497a-ac05-42dfd31b133c,2023-01-04T16:39:38.009845700Z,0.01,16859.15
844226,QUOTE_COINBASE_SPOT_BTC_USDT,16860.73,QUOTE_COINBASE_SPOT_BTC_USDT,2023-01-04T16:39:39.213559Z,0.0312,4f8ff240-c5cf-4cda-8e49-61e9c7d96481,2023-01-04T16:39:39.274944400Z,0.01,16859.2
844227,QUOTE_COINBASE_SPOT_BTC_USDT,16860.73,QUOTE_COINBASE_SPOT_BTC_USDT,2023-01-04T16:39:39.907392Z,0.05,cd27b945-68c1-464f-8ed1-91b892cd6e54,2023-01-04T16:39:39.967072Z,0.01,16859.23
844234,QUOTE_COINBASE_SPOT_BTC_USDT,16860.73,QUOTE_COINBASE_SPOT_BTC_USDT,2023-01-04T16:39:40.202771Z,0.03794989,bf45a996-acf9-4760-ad6a-aa00a7b93f60,2023-01-04T16:39:40.267648700Z,0.01,16859.16
844236,QUOTE_COINBASE_SPOT_BTC_USDT,16860.73,QUOTE_COINBASE_SPOT_BTC_USDT,2023-01-04T16:39:41.405156Z,0.03794989,af3821fa-482b-4816-8575-ac16c9e6c76b,2023-01-04T16:39:41.463786400Z,0.01,16859.18
844237,QUOTE_COINBASE_SPOT_BTC_USDT,16860.73,QUOTE_COINBASE_SPOT_BTC_USDT,2023-01-04T16:39:41.421082Z,0.0312,1528c928-c882-476c-81f3-45d287e2ee1d,2023-01-04T16:39:41.481918200Z,0.01,16859.19
844238,QUOTE_COINBASE_SPOT_BTC_USDT,16860.73,QUOTE_COINBASE_SPOT_BTC_USDT,2023-01-04T16:39:42.677967Z,0.177,810f0b70-7b4e-48c8-8cab-ad0c0950cb4a,2023-01-04T16:39:42.736556300Z,0.01,16859.14
844244,QUOTE_COINBASE_SPOT_BTC_USDT,16860.73,QUOTE_COINBASE_SPOT_BTC_USDT,2023-01-04T16:39:43.564415Z,0.178,31127e9f-36a7-4520-9db2-16b9726ea95c,2023-01-04T16:39:43.622750900Z,0.01,16859.59
844246,QUOTE_COINBASE_SPOT_BTC_USDT,16860.73,QUOTE_COINBASE_SPOT_BTC_USDT,2023-01-04T16:39:47.836761Z,0.0312,ed70b1a4-c381-4d65-a20c-0b19b06e113f,2023-01-04T16:39:47.895661300Z,0.01,16858.96
844257,QUOTE_COINBASE_SPOT_BTC_USDT,16860.57,QUOTE_COINBASE_SPOT_BTC_USDT,2023-01-04T16:39:48.892127Z,0.0312,d14a66cc-fadd-43df-897e-54838484df36,2023-01-04T16:39:48.977390600Z,0.03794989,16858.53
844260,QUOTE_COINBASE_SPOT_BTC_USDT,16860.56,QUOTE_COINBASE_SPOT_BTC_USDT,2023-01-04T16:39:49.130645Z,0.07080005,bd1e926e-bc11-4b43-bbf5-ee0251d00610,2023-01-04T16:39:49.188718Z,0.02,16858.52
844265,QUOTE_COINBASE_SPOT_BTC_USDT,16860.73,QUOTE_COINBASE_SPOT_BTC_USDT,2023-01-04T16:39:50.313126Z,0.177,c746deb3-ef83-4a56-b936-8ebb234860b2,2023-01-04T16:39:50.372325800Z,0.01,16858.51
844268,QUOTE_COINBASE_SPOT_BTC_USDT,16860.73,QUOTE_COINBASE_SPOT_BTC_USDT,2023-01-04T16:39:50.695551Z,0.05,c9bab292-d41c-46f1-acd9-d98a5b688664,2023-01-04T16:39:50.754682600Z,0.01,16858.52
844269,QUOTE_COINBASE_SPOT_BTC_USDT,16860.73,QUOTE_COINBASE_SPOT_BTC_USDT,2023-01-04T16:39:51.189002Z,0.03794989,4b43769a-6f64-47cf-82ef-661595d4698c,2023-01-04T16:39:51.249483500Z,0.01,16858.55
844272,QUOTE_COINBASE_SPOT_BTC_USDT,16860.73,QUOTE_COINBASE_SPOT_BTC_USDT,2023-01-04T16:39:51.815607Z,0.177,4a69582b-f005-492d-a121-a2fb375af042,2023-01-04T16:39:51.876317200Z,0.01,16858.51
844273,QUOTE_COINBASE_SPOT_BTC_USDT,16860.73,QUOTE_COINBASE_SPOT_BTC_USDT,2023-01-04T16:39:52.833979Z,0.0312,ae19408f-1d6f-49fd-8493-d3012ca410aa,2023-01-04T16:39:52.893996600Z,0.01,16858.52
844278,QUOTE_COINBASE_SPOT_BTC_USDT,16860.73,QUOTE_COINBASE_SPOT_BTC_USDT,2023-01-04T16:39:53.711075Z,0.0312,c5f5dc65-665a-4643-86fa-0f7fab7b3a85,2023-01-04T16:39:53.773889800Z,0.01,16858.56
844279,QUOTE_COINBASE_SPOT_BTC_USDT,16860.73,QUOTE_COINBASE_SPOT_BTC_USDT,2023-01-04T16:39:54.809400Z,0.0312,e40942db-ea57-4ec7-8b15-94c785e1f88e,2023-01-04T16:39:54.867580800Z,0.01,16858.46
844280,QUOTE_COINBASE_SPOT_BTC_USDT,16860.72,QUOTE_COINBASE_SPOT_BTC_USDT,2023-01-04T16:39:55.012546Z,0.0312,fa93df8d-a990-43be-8d00-c337bcc27f4a,2023-01-04T16:39:55.074628900Z,0.004,16858.46
844289,QUOTE_COINBASE_SPOT_BTC_USDT,16860.6,QUOTE_COINBASE_SPOT_BTC_USDT,2023-01-04T16:39:55.829984Z,0.0312,4f8031b2-7c84-48e0-a036-bcb97c3712a1,2023-01-04T16:39:55.893766900Z,0.03794989,16857.95
844295,QUOTE_COINBASE_SPOT_BTC_USDT,16860.4,QUOTE_COINBASE_SPOT_BTC_USDT,2023-01-04T16:39:56.390762Z,0.0312,a773a695-0d84-450b-a189-0d1efa8737a7,2023-01-04T16:39:56.449775900Z,0.02,16857.95
844296,QUOTE_COINBASE_SPOT_BTC_USDT,16860.4,QUOTE_COINBASE_SPOT_BTC_USDT,2023-01-04T16:39:56.476728Z,0.09554784,c858df3f-fc01-4349-83e5-1b79a8d3f974,2023-01-04T16:39:56.539884100Z,0.02,16857.94
844301,QUOTE_COINBASE_SPOT_BTC_USDT,16860.42,QUOTE_COINBASE_SPOT_BTC_USDT,2023-01-04T16:39:57.487563Z,0.09554784,fab1e5ad-b904-4693-bb7a-08369f06cccc,2023-01-04T16:39:57.549260100Z,0.05933276,16857.94
844308,QUOTE_COINBASE_SPOT_BTC_USDT,16860.18,QUOTE_COINBASE_SPOT_BTC_USDT,2023-01-04T16:39:58.821848Z,0.09554784,bb9f88f6-095e-4bfe-af47-be8f5ca0b3e0,2023-01-04T16:39:58.880673Z,0.08900037,16857.94
844312,QUOTE_COINBASE_SPOT_BTC_USDT,16860.16,QUOTE_COINBASE_SPOT_BTC_USDT,2023-01-04T16:39:59.395695Z,0.09554784,68ffd4f8-127d-4ef3-8c08-2864c6548592,2023-01-04T16:39:59.454841Z,0.03794989,16857.94
844313,QUOTE_COINBASE_SPOT_BTC_USDT,16860.17,QUOTE_COINBASE_SPOT_BTC_USDT,2023-01-04T16:39:59.493420Z,0.09554784,918a4177-8a72-47c9-b09b-84a2f1f4881d,2023-01-04T16:39:59.553842200Z,0.02,16857.94
844317,QUOTE_COINBASE_SPOT_BTC_USDT,16860.17,QUOTE_COINBASE_SPOT_BTC_USDT,2023-01-04T16:40:00.247335Z,0.09554784,d2d2e53c-502f-4a96-a15e-57cf4562ce00,2023-01-04T16:40:00.305548900Z,0.02,16857.94
844324,QUOTE_COINBASE_SPOT_BTC_USDT,16860.04,QUOTE_COINBASE_SPOT_BTC_USDT,2023-01-04T16:40:01.240923Z,0.09554784,4b163c4f-6dd0-4330-a121-7db5680bdfc5,2023-01-04T16:40:01.300402Z,0.03794989,16857.94
844328,QUOTE_COINBASE_SPOT_BTC_USDT,16859.69,QUOTE_COINBASE_SPOT_BTC_USDT,2023-01-04T16:40:01.411610Z,0.09554784,45e97126-7d70-4a22-a62a-7df696b335f4,2023-01-04T16:40:01.476364900Z,0.01,16857.94
844350,QUOTE_COINBASE_SPOT_BTC_USDT,16859.46,QUOTE_COINBASE_SPOT_BTC_USDT,2023-01-04T16:40:03.415873Z,0.179,7faed169-ed97-4448-90f7-1b20848fefd3,2023-01-04T16:40:03.474204700Z,0.06788298,16856.26
844361,QUOTE_COINBASE_SPOT_BTC_USDT,16858.58,QUOTE_COINBASE_SPOT_BTC_USDT,2023-01-04T16:40:03.840737Z,0.179,999bd601-f740-485a-ab5a-e80452306899,2023-01-04T16:40:03.900252800Z,0.03794989,16856.26
844364,QUOTE_COINBASE_SPOT_BTC_USDT,16858.35,QUOTE_COINBASE_SPOT_BTC_USDT,2023-01-04T16:40:04.162757Z,0.179,f455aa37-be29-4819-a2a4-d384ee021f8a,2023-01-04T16:40:04.223216700Z,0.03794989,16856.26
844374,QUOTE_COINBASE_SPOT_BTC_USDT,16859.01,QUOTE_COINBASE_SPOT_BTC_USDT,2023-01-04T16:40:05.417280Z,0.05,d427a985-086e-4107-a073-a86d6fa27941,2023-01-04T16:40:05.478930600Z,0.05933773,16856.29
844380,QUOTE_COINBASE_SPOT_BTC_USDT,16859.01,QUOTE_COINBASE_SPOT_BTC_USDT,2023-01-04T16:40:05.902765Z,0.229,f273be04-46c2-462a-8e77-e68a48c39dfd,2023-01-04T16:40:05.962908600Z,0.05933773,16856.26
844391,QUOTE_COINBASE_SPOT_BTC_USDT,16858.88,QUOTE_COINBASE_SPOT_BTC_USDT,2023-01-04T16:40:06.312280Z,0.1,cb6fb4cc-3a9d-4ee5-8d02-92b1d7bf48ab,2023-01-04T16:40:06.373389700Z,0.004,16856.27
844394,QUOTE_COINBASE_SPOT_BTC_USDT,16858.89,QUOTE_COINBASE_SPOT_BTC_USDT,2023-01-04T16:40:06.747903Z,0.05,09bc315b-34b5-41e6-bc12-ff541ebf3083,2023-01-04T16:40:06.814111300Z,0.03794989,16856.27
844398,QUOTE_COINBASE_SPOT_BTC_USDT,16859.01,QUOTE_COINBASE_SPOT_BTC_USDT,2023-01-04T16:40:07.077404Z,0.03794989,a145b56d-4409-4622-a8d6-77c66370e1fd,2023-01-04T16:40:07.136540600Z,0.05933773,16856.28
844402,QUOTE_COINBASE_SPOT_BTC_USDT,16858.72,QUOTE_COINBASE_SPOT_BTC_USDT,2023-01-04T16:40:07.769792Z,0.179,a299f52a-fe90-4368-83e2-690a8ab24bc8,2023-01-04T16:40:07.829278200Z,0.03794989,16856.26
844405,QUOTE_COINBASE_SPOT_BTC_USDT,16858.67,QUOTE_COINBASE_SPOT_BTC_USDT,2023-01-04T16:40:08.253953Z,0.05,da63c987-8c92-4756-aaca-a60ec9cd058f,2023-01-04T16:40:08.315572700Z,0.03794989,16856.32
844406,QUOTE_COINBASE_SPOT_BTC_USDT,16858.67,QUOTE_COINBASE_SPOT_BTC_USDT,2023-01-04T16:40:08.539628Z,0.179,e140c4a1-0de3-4d63-95c6-6fee566155b5,2023-01-04T16:40:08.599106800Z,0.03794989,16856.26
844417,QUOTE_COINBASE_SPOT_BTC_USDT,16858.67,QUOTE_COINBASE_SPOT_BTC_USDT,2023-01-04T16:40:09.285060Z,0.05,a8a6dcfd-f94e-42f6-a62f-a313b2671df3,2023-01-04T16:40:09.362424900Z,0.03794989,16856.3
844424,QUOTE_COINBASE_SPOT_BTC_USDT,16858.98,QUOTE_COINBASE_SPOT_BTC_USDT,2023-01-04T16:40:09.743213Z,0.05,58bf111b-f067-4d65-8fc2-fb3c2c1ee31e,2023-01-04T16:40:09.806140700Z,0.03794989,16856.3
844429,QUOTE_COINBASE_SPOT_BTC_USDT,16859.01,QUOTE_COINBASE_SPOT_BTC_USDT,2023-01-04T16:40:10.401588Z,0.02,179f6907-8648-4a2e-8061-9de936f9bc1f,2023-01-04T16:40:10.463674400Z,0.05933773,16856.54
844432,QUOTE_COINBASE_SPOT_BTC_USDT,16859.01,QUOTE_COINBASE_SPOT_BTC_USDT,2023-01-04T16:40:10.679790Z,0.03794989,668d560a-22d3-44e8-b458-0c56df55271d,2023-01-04T16:40:10.738265200Z,0.05933773,16856.74
844434,QUOTE_COINBASE_SPOT_BTC_USDT,16859.01,QUOTE_COINBASE_SPOT_BTC_USDT,2023-01-04T16:40:11.404524Z,0.0004303,09dc404c-58ee-4ecf-8923-84040ac9364c,2023-01-04T16:40:11.464580100Z,0.05933773,16856.76
844435,QUOTE_COINBASE_SPOT_BTC_USDT,16859.01,QUOTE_COINBASE_SPOT_BTC_USDT,2023-01-04T16:40:12.318631Z,0.05,f28b8062-a761-443a-a67c-0092b55cc57c,2023-01-04T16:40:12.390407500Z,0.05933773,16858.03
844436,QUOTE_COINBASE_SPOT_BTC_USDT,16859.01,QUOTE_COINBASE_SPOT_BTC_USDT,2023-01-04T16:40:12.718881Z,0.03794989,12bb4768-e937-45d9-938c-d08adfe06f2d,2023-01-04T16:40:12.777695200Z,0.05933773,16857.21
844442,QUOTE_COINBASE_SPOT_BTC_USDT,16859.01,QUOTE_COINBASE_SPOT_BTC_USDT,2023-01-04T16:40:13.179091Z,0.0312,6f3d3b2b-9dfd-40c9-8133-579ecee242d6,2023-01-04T16:40:13.240566700Z,0.05933773,16857.12
844447,QUOTE_COINBASE_SPOT_BTC_USDT,16859.01,QUOTE_COINBASE_SPOT_BTC_USDT,2023-01-04T16:40:14.237478Z,0.02,5c09e2bc-2491-426b-a40a-8c03e8fb683d,2023-01-04T16:40:14.298859Z,0.05933773,16857.14
844452,QUOTE_COINBASE_SPOT_BTC_USDT,16859.01,QUOTE_COINBASE_SPOT_BTC_USDT,2023-01-04T16:40:14.542627Z,0.02,ed8a7277-8f92-4b04-bfd0-a5d7133c1aa4,2023-01-04T16:40:14.604531200Z,0.05933773,16857.26
844453,QUOTE_COINBASE_SPOT_BTC_USDT,16859.01,QUOTE_COINBASE_SPOT_BTC_USDT,2023-01-04T16:40:15.163884Z,0.05,15134138-1e45-4b6c-b78c-ad1e339f70b8,2023-01-04T16:40:15.224186Z,0.05933773,16857.27
844457,QUOTE_COINBASE_SPOT_BTC_USDT,16859.01,QUOTE_COINBASE_SPOT_BTC_USDT,2023-01-04T16:40:15.720381Z,0.03794989,7fc17cb4-51fb-4372-a275-c27e53e64971,2023-01-04T16:40:15.782450Z,0.05933773,16857.02
844462,QUOTE_COINBASE_SPOT_BTC_USDT,16859.01,QUOTE_COINBASE_SPOT_BTC_USDT,2023-01-04T16:40:16.229684Z,0.0312,15eb0a37-2676-4fef-9477-1a876c8cce74,2023-01-04T16:40:16.288804900Z,0.05933773,16857.13
844466,QUOTE_COINBASE_SPOT_BTC_USDT,16859.01,QUOTE_COINBASE_SPOT_BTC_USDT,2023-01-04T16:40:16.905187Z,0.02,321d1dd1-748f-4a7d-93a4-6abdd66ac98d,2023-01-04T16:40:16.967515900Z,0.05933773,16857.16
844470,QUOTE_COINBASE_SPOT_BTC_USDT,16859.01,QUOTE_COINBASE_SPOT_BTC_USDT,2023-01-04T16:40:18.411535Z,0.05,40fe1a0c-2ecc-4e30-be73-2a910730432c,2023-01-04T16:40:18.471737900Z,0.05933773,16857.13
844473,QUOTE_COINBASE_SPOT_BTC_USDT,16859.01,QUOTE_COINBASE_SPOT_BTC_USDT,2023-01-04T16:40:18.455348Z,0.0312,4aeb232a-f2b9-4679-a3a6-f6f1b5fe02cb,2023-01-04T16:40:18.518634600Z,0.05933773,16856.94
844476,QUOTE_COINBASE_SPOT_BTC_USDT,16859.01,QUOTE_COINBASE_SPOT_BTC_USDT,2023-01-04T16:40:19.373147Z,0.0312,3503b6ad-5ff9-4a38-8ac7-9aff6f481dce,2023-01-04T16:40:19.431876600Z,0.05933773,16856.96
844488,QUOTE_COINBASE_SPOT_BTC_USDT,16859.01,QUOTE_COINBASE_SPOT_BTC_USDT,2023-01-04T16:40:19.909159Z,0.03794989,f91d8c76-158f-4e29-8626-5c964d396386,2023-01-04T16:40:19.969926800Z,0.05933773,16857.31
844492,QUOTE_COINBASE_SPOT_BTC_USDT,16859.01,QUOTE_COINBASE_SPOT_BTC_USDT,2023-01-04T16:40:20.247429Z,0.03794989,9a3ea720-8654-4394-bf6b-1d6db7d71680,2023-01-04T16:40:20.308775800Z,0.05933773,16857.54
844499,QUOTE_COINBASE_SPOT_BTC_USDT,16859.01,QUOTE_COINBASE_SPOT_BTC_USDT,2023-01-04T16:40:20.895298Z,0.03794989,87a2841b-5f8f-4fda-bb1f-5c8fc6ba0c31,2023-01-04T16:40:20.954169500Z,0.05933773,16856.97
844500,QUOTE_COINBASE_SPOT_BTC_USDT,16859.01,QUOTE_COINBASE_SPOT_BTC_USDT,2023-01-04T16:40:21.041711Z,0.05934544,9ccfc71e-5db2-4ba3-89a0-3a59c8d22fd9,2023-01-04T16:40:21.100321500Z,0.05933773,16856.8
844506,QUOTE_COINBASE_SPOT_BTC_USDT,16859.01,QUOTE_COINBASE_SPOT_BTC_USDT,2023-01-04T16:40:23.171695Z,0.05934544,cffb2ff4-a88c-479c-bbef-bd05ad43c1d1,2023-01-04T16:40:23.231147800Z,0.05933773,16856.8
844510,QUOTE_COINBASE_SPOT_BTC_USDT,16859.01,QUOTE_COINBASE_SPOT_BTC_USDT,2023-01-04T16:40:24.047810Z,0.05934544,117067d9-c5ac-47cb-b6f4-0cb7a7345dbd,2023-01-04T16:40:24.105885800Z,0.05933773,16856.8
844534,QUOTE_COINBASE_SPOT_BTC_USDT,16860.96,QUOTE_COINBASE_SPOT_BTC_USDT,2023-01-04T16:40:25.312644Z,0.03794989,3be814cd-0c73-49f9-8f36-0bb55d930992,2023-01-04T16:40:25.374297800Z,0.01,16857.87
844539,QUOTE_COINBASE_SPOT_BTC_USDT,16860.84,QUOTE_COINBASE_SPOT_BTC_USDT,2023-01-04T16:40:25.693824Z,0.03794989,e397e65d-7f4b-4319-9e88-5d44341f4854,2023-01-04T16:40:25.754879200Z,0.02,16857.87
844562,QUOTE_COINBASE_SPOT_BTC_USDT,16860.84,QUOTE_COINBASE_SPOT_BTC_USDT,2023-01-04T16:40:26.172530Z,0.03794989,fd1992d4-0ac1-4a70-a22f-6b6fd830729c,2023-01-04T16:40:26.232926Z,0.02,16858.11
844563,QUOTE_COINBASE_SPOT_BTC_USDT,16860.84,QUOTE_COINBASE_SPOT_BTC_USDT,2023-01-04T16:40:26.632888Z,0.08794989,0988e627-30ce-4a36-b29d-f80b4c9bd459,2023-01-04T16:40:26.695129100Z,0.02,16858.11
844564,QUOTE_COINBASE_SPOT_BTC_USDT,16860.84,QUOTE_COINBASE_SPOT_BTC_USDT,2023-01-04T16:40:27.377042Z,0.0890111,a0cd9c17-4930-4dbf-b6a6-616f8270b48c,2023-01-04T16:40:27.436359300Z,0.02,16858.13
844567,QUOTE_COINBASE_SPOT_BTC_USDT,16860.84,QUOTE_COINBASE_SPOT_BTC_USDT,2023-01-04T16:40:27.738644Z,0.03030818,3384cb5c-e3b7-4b9b-9e15-ec4ef6ad3753,2023-01-04T16:40:27.801372100Z,0.02,16858.15
844575,QUOTE_COINBASE_SPOT_BTC_USDT,16860.84,QUOTE_COINBASE_SPOT_BTC_USDT,2023-01-04T16:40:28.124605Z,0.03030818,ed758321-358d-4f9e-b83b-3798c06f8999,2023-01-04T16:40:28.185093100Z,0.02,16858.17
844578,QUOTE_COINBASE_SPOT_BTC_USDT,16860.84,QUOTE_COINBASE_SPOT_BTC_USDT,2023-01-04T16:40:28.562962Z,0.03030818,a8347a04-3e33-4fc0-a407-017c7bb249fe,2023-01-04T16:40:28.624717800Z,0.02,16858.18
844580,QUOTE_COINBASE_SPOT_BTC_USDT,16860.84,QUOTE_COINBASE_SPOT_BTC_USDT,2023-01-04T16:40:29.337536Z,0.03030818,0010023a-3906-4000-b7a1-bc3cd1eede8e,2023-01-04T16:40:29.398827100Z,0.02,16858.18
844583,QUOTE_COINBASE_SPOT_BTC_USDT,16860.83,QUOTE_COINBASE_SPOT_BTC_USDT,2023-01-04T16:40:29.907749Z,0.03026843,6be09a22-0d64-4f5c-94d1-231523e55c77,2023-01-04T16:40:29.969991800Z,0.03794989,16858.19
844608,QUOTE_COINBASE_SPOT_BTC_USDT,16861.16,QUOTE_COINBASE_SPOT_BTC_USDT,2023-01-04T16:40:30.406941Z,0.03026843,b0e91f37-11f0-4d9d-a310-f6d6ae2f1e4b,2023-01-04T16:40:30.466182500Z,0.02,16858.31
844620,QUOTE_COINBASE_SPOT_BTC_USDT,16860.94,QUOTE_COINBASE_SPOT_BTC_USDT,2023-01-04T16:40:30.679698Z,0.03794989,7616c560-a40a-4fab-91b5-4614145fb749,2023-01-04T16:40:30.739471500Z,0.01,16858.39
844623,QUOTE_COINBASE_SPOT_BTC_USDT,16860.94,QUOTE_COINBASE_SPOT_BTC_USDT,2023-01-04T16:40:31.362077Z,0.03794989,08bf7b40-6b80-4452-ad0a-18b33032adcd,2023-01-04T16:40:31.420513800Z,0.014,16858.41
844624,QUOTE_COINBASE_SPOT_BTC_USDT,16860.94,QUOTE_COINBASE_SPOT_BTC_USDT,2023-01-04T16:40:31.429630Z,0.03794989,65173059-acad-4434-9a84-fa8c5101267a,2023-01-04T16:40:31.490309700Z,0.01,16858.41
844626,QUOTE_COINBASE_SPOT_BTC_USDT,16860.94,QUOTE_COINBASE_SPOT_BTC_USDT,2023-01-04T16:40:32.360097Z,0.03794989,80c3dcc7-f0c1-4c4e-bfcf-d6582c7adccd,2023-01-04T16:40:32.418712600Z,0.01,16858.41
844629,QUOTE_COINBASE_SPOT_BTC_USDT,16860.94,QUOTE_COINBASE_SPOT_BTC_USDT,2023-01-04T16:40:32.788181Z,0.05933989,6fe785f6-0fe2-47df-8347-52416e98c656,2023-01-04T16:40:32.846975700Z,0.01,16858.36
844634,QUOTE_COINBASE_SPOT_BTC_USDT,16860.94,QUOTE_COINBASE_SPOT_BTC_USDT,2023-01-04T16:40:33.261965Z,0.03026843,0f74d225-01ea-400a-9da8-5126596b9d04,2023-01-04T16:40:33.323926100Z,0.01,16858.49
844652,QUOTE_COINBASE_SPOT_BTC_USDT,16860.94,QUOTE_COINBASE_SPOT_BTC_USDT,2023-01-04T16:40:33.793487Z,0.03026843,b4facec2-3842-48ba-a4b1-018d82300db2,2023-01-04T16:40:33.851851400Z,0.01,16858.95
844653,QUOTE_COINBASE_SPOT_BTC_USDT,16860.94,QUOTE_COINBASE_SPOT_BTC_USDT,2023-01-04T16:40:33.945123Z,0.02,b12adbfe-3e22-4015-bea0-37d8b362423a,2023-01-04T16:40:34.009745200Z,0.01,16858.96
844654,QUOTE_COINBASE_SPOT_BTC_USDT,16860.94,QUOTE_COINBASE_SPOT_BTC_USDT,2023-01-04T16:40:35.266048Z,0.03026843,6beda0ef-3a8f-4cd6-8fc6-f5693e8db114,2023-01-04T16:40:35.327181700Z,0.01,16858.95
844665,QUOTE_COINBASE_SPOT_BTC_USDT,16861.18,QUOTE_COINBASE_SPOT_BTC_USDT,2023-01-04T16:40:35.876130Z,0.05,346571a1-b251-4ea2-9abe-4c67980a998a,2023-01-04T16:40:35.934789800Z,5e-08,16860.27
844673,QUOTE_COINBASE_SPOT_BTC_USDT,16863.21,QUOTE_COINBASE_SPOT_BTC_USDT,2023-01-04T16:40:36.229836Z,0.03794989,01c22bed-3350-41fb-8104-fc9b6cc04cc2,2023-01-04T16:40:36.288701700Z,0.1,16860.91
844675,QUOTE_COINBASE_SPOT_BTC_USDT,16863.55,QUOTE_COINBASE_SPOT_BTC_USDT,2023-01-04T16:40:36.877611Z,0.03794989,ded21adb-7b64-432c-8394-84efc66e8d23,2023-01-04T16:40:36.940862600Z,0.06,16860.91
844689,QUOTE_COINBASE_SPOT_BTC_USDT,16863.89,QUOTE_COINBASE_SPOT_BTC_USDT,2023-01-04T16:40:37.397291Z,0.03794989,ca913572-127d-44dd-a548-46c469e208c5,2023-01-04T16:40:37.457348200Z,0.04,16861.02
844695,QUOTE_COINBASE_SPOT_BTC_USDT,16863.53,QUOTE_COINBASE_SPOT_BTC_USDT,2023-01-04T16:40:37.608810Z,0.03794989,0632eb9e-7aff-4cc8-b021-4995e3c4c2da,2023-01-04T16:40:37.667644600Z,0.01,16861.02
844697,QUOTE_COINBASE_SPOT_BTC_USDT,16863.53,QUOTE_COINBASE_SPOT_BTC_USDT,2023-01-04T16:40:38.224228Z,0.03794989,16619026-d9d4-4f63-89b4-88904f577470,2023-01-04T16:40:38.282540100Z,0.01,16861.25
844698,QUOTE_COINBASE_SPOT_BTC_USDT,16863.88,QUOTE_COINBASE_SPOT_BTC_USDT,2023-01-04T16:40:38.633374Z,0.03794989,dcb69b6d-1e0f-46e1-b27c-5a4009494d0e,2023-01-04T16:40:38.695063400Z,0.02,16861.25
844705,QUOTE_COINBASE_SPOT_BTC_USDT,16864.03,QUOTE_COINBASE_SPOT_BTC_USDT,2023-01-04T16:40:39.355761Z,0.00048881,4e51e030-4de3-4efc-8f64-ffde8ef2a719,2023-01-04T16:40:39.416858300Z,0.01,16861.57
844715,QUOTE_COINBASE_SPOT_BTC_USDT,16864.03,QUOTE_COINBASE_SPOT_BTC_USDT,2023-01-04T16:40:40.272339Z,0.03794989,83eabff0-f556-438f-9d0b-8faefd42666e,2023-01-04T16:40:40.335772100Z,0.01,16861.8
844738,QUOTE_COINBASE_SPOT_BTC_USDT,16865.77,QUOTE_COINBASE_SPOT_BTC_USDT,2023-01-04T16:40:40.828617Z,0.03794989,2413ae5a-9992-4d46-89b3-d4a334538df1,2023-01-04T16:40:40.893372100Z,0.02,16863.38
844740,QUOTE_COINBASE_SPOT_BTC_USDT,16865.73,QUOTE_COINBASE_SPOT_BTC_USDT,2023-01-04T16:40:41.110979Z,0.08794989,c0562194-7762-4c24-a306-01d5b7125a70,2023-01-04T16:40:41.170085600Z,0.01,16863.38
844745,QUOTE_COINBASE_SPOT_BTC_USDT,16865.73,QUOTE_COINBASE_SPOT_BTC_USDT,2023-01-04T16:40:41.616050Z,0.03794989,5a931538-47a0-4354-9056-2494c2153bed,2023-01-04T16:40:41.674780100Z,0.01,16863.37
844748,QUOTE_COINBASE_SPOT_BTC_USDT,16865.73,QUOTE_COINBASE_SPOT_BTC_USDT,2023-01-04T16:40:42.310220Z,0.03794989,b5620fc3-0298-46d7-842f-2a1bd0081575,2023-01-04T16:40:42.374693900Z,0.014,16863.37
844750,QUOTE_COINBASE_SPOT_BTC_USDT,16865.73,QUOTE_COINBASE_SPOT_BTC_USDT,2023-01-04T16:40:42.810417Z,0.05932243,fc1bbca3-ca3d-4059-86ee-2373efd0a01c,2023-01-04T16:40:42.870972400Z,0.01,16863.35
844753,QUOTE_COINBASE_SPOT_BTC_USDT,16865.32,QUOTE_COINBASE_SPOT_BTC_USDT,2023-01-04T16:40:43.416435Z,0.05932243,06014350-ab86-4e45-a164-f280300a5ab2,2023-01-04T16:40:43.476098700Z,0.05,16863.35
844775,QUOTE_COINBASE_SPOT_BTC_USDT,16865.03,QUOTE_COINBASE_SPOT_BTC_USDT,2023-01-04T16:40:43.912242Z,0.14831004,60814d28-dbe6-45be-8474-2ac08eb9c0fb,2023-01-04T16:40:43.970754500Z,0.07910022,16862.88
844786,QUOTE_COINBASE_SPOT_BTC_USDT,16864.96,QUOTE_COINBASE_SPOT_BTC_USDT,2023-01-04T16:40:44.395934Z,0.14831004,c701b280-4416-47e9-87fb-97562b08acc8,2023-01-04T16:40:44.455360100Z,0.05,16862.88
844820,QUOTE_COINBASE_SPOT_BTC_USDT,16863.92,QUOTE_COINBASE_SPOT_BTC_USDT,2023-01-04T16:40:44.821515Z,0.02800649,2771795d-0392-40f9-a559-7be048bf599d,2023-01-04T16:40:44.885659300Z,0.03794989,16861.57
844827,QUOTE_COINBASE_SPOT_BTC_USDT,16863.23,QUOTE_COINBASE_SPOT_BTC_USDT,2023-01-04T16:40:45.297678Z,0.00048881,105da5a4-c0c2-40fd-b521-d809eaea103e,2023-01-04T16:40:45.355931Z,0.01,16861.57
844830,QUOTE_COINBASE_SPOT_BTC_USDT,16863.2,QUOTE_COINBASE_SPOT_BTC_USDT,2023-01-04T16:40:46.089354Z,0.00048881,1abf384a-334c-4b9d-8b84-2a5b197c2845,2023-01-04T16:40:46.149758100Z,0.004,16861.57
844902,QUOTE_COINBASE_SPOT_BTC_USDT,16861.43,QUOTE_COINBASE_SPOT_BTC_USDT,2023-01-04T16:40:47.394064Z,0.05933966,2c6fa907-8400-4fe8-8cad-c65a7ff25d78,2023-01-04T16:40:47.454223700Z,0.03794989,16858.44
844904,QUOTE_COINBASE_SPOT_BTC_USDT,16861.21,QUOTE_COINBASE_SPOT_BTC_USDT,2023-01-04T16:40:47.780389Z,0.05933966,5028f151-d82c-4d36-8d91-93f51506a6bf,2023-01-04T16:40:47.840424200Z,0.03794989,16858.44
844912,QUOTE_COINBASE_SPOT_BTC_USDT,16860.52,QUOTE_COINBASE_SPOT_BTC_USDT,2023-01-04T16:40:48.374543Z,0.05933966,e935c6ce-9720-4fb8-bc71-0c28ec4847fd,2023-01-04T16:40:48.432947Z,0.03794989,16858.44
844915,QUOTE_COINBASE_SPOT_BTC_USDT,16860.74,QUOTE_COINBASE_SPOT_BTC_USDT,2023-01-04T16:40:49.045782Z,0.05933966,9d50024b-a1c2-480c-808b-5ef74cd38ec7,2023-01-04T16:40:49.107638900Z,0.004,16858.44
844923,QUOTE_COINBASE_SPOT_BTC_USDT,16860.52,QUOTE_COINBASE_SPOT_BTC_USDT,2023-01-04T16:40:51.411662Z,0.05933966,10fc90bc-465a-4cc8-82e3-4ecb9fc3eac2,2023-01-04T16:40:51.473709500Z,0.03794989,16858.44
844929,QUOTE_COINBASE_SPOT_BTC_USDT,16860.79,QUOTE_COINBASE_SPOT_BTC_USDT,2023-01-04T16:40:52.205608Z,0.05933966,c37b0dc5-fc54-4814-a410-06c77cde4058,2023-01-04T16:40:52.265838500Z,0.03794989,16858.44
844934,QUOTE_COINBASE_SPOT_BTC_USDT,16860.96,QUOTE_COINBASE_SPOT_BTC_USDT,2023-01-04T16:40:52.812880Z,0.02,9091169f-39e8-4011-b0b9-284b4e68d32e,2023-01-04T16:40:52.875134300Z,0.05933085,16858.45
844941,QUOTE_COINBASE_SPOT_BTC_USDT,16860.96,QUOTE_COINBASE_SPOT_BTC_USDT,2023-01-04T16:40:53.257705Z,0.05,cc712016-3d3c-4af5-8fe5-669300699735,2023-01-04T16:40:53.322733400Z,0.05933085,16858.46
844945,QUOTE_COINBASE_SPOT_BTC_USDT,16860.96,QUOTE_COINBASE_SPOT_BTC_USDT,2023-01-04T16:40:53.755970Z,0.07,005ca634-90a9-433e-b998-22ad81c99619,2023-01-04T16:40:53.815609700Z,0.05933085,16858.47
844946,QUOTE_COINBASE_SPOT_BTC_USDT,16860.96,QUOTE_COINBASE_SPOT_BTC_USDT,2023-01-04T16:40:54.877719Z,0.03794989,f5a959e1-7839-4eb1-b82a-956c3134f316,2023-01-04T16:40:54.948348400Z,0.05933085,16858.49
844949,QUOTE_COINBASE_SPOT_BTC_USDT,16860.96,QUOTE_COINBASE_SPOT_BTC_USDT,2023-01-04T16:40:55.176940Z,0.02,c995a3cc-9249-40a1-aa15-342c3f67cf7f,2023-01-04T16:40:55.236993400Z,0.05933085,16858.53
844951,QUOTE_COINBASE_SPOT_BTC_USDT,16860.96,QUOTE_COINBASE_SPOT_BTC_USDT,2023-01-04T16:40:56.418168Z,0.02,60e01878-59ca-4640-bd07-5fb26e9f5cd2,2023-01-04T16:40:56.479876400Z,0.05933085,16858.53
844957,QUOTE_COINBASE_SPOT_BTC_USDT,16861.31,QUOTE_COINBASE_SPOT_BTC_USDT,2023-01-04T16:40:57.284263Z,0.03794989,c6f1eef6-beff-4a50-8953-fa8bdc6779a0,2023-01-04T16:40:57.343231700Z,0.01,16858.64
844964,QUOTE_COINBASE_SPOT_BTC_USDT,16861.29,QUOTE_COINBASE_SPOT_BTC_USDT,2023-01-04T16:40:57.830309Z,0.02,e22af361-cc1f-49a0-979e-54d669bfc5b9,2023-01-04T16:40:57.898668300Z,0.01,16859.1
844966,QUOTE_COINBASE_SPOT_BTC_USDT,16861.29,QUOTE_COINBASE_SPOT_BTC_USDT,2023-01-04T16:41:00.301836Z,0.14834535,0cecfc65-d941-4043-9846-43e7fd0c12ed,2023-01-04T16:41:00.360656900Z,0.01,16858.88
844967,QUOTE_COINBASE_SPOT_BTC_USDT,16861.29,QUOTE_COINBASE_SPOT_BTC_USDT,2023-01-04T16:41:00.920325Z,0.02,3929eb43-3dd9-4b72-9d05-9f23d8a525ec,2023-01-04T16:41:00.979556700Z,0.01,16858.89
844971,QUOTE_COINBASE_SPOT_BTC_USDT,16861.29,QUOTE_COINBASE_SPOT_BTC_USDT,2023-01-04T16:41:01.363994Z,0.02,35f505a6-dfad-48a8-899c-5f3cf48ac752,2023-01-04T16:41:01.425314700Z,0.01,16858.9
844979,QUOTE_COINBASE_SPOT_BTC_USDT,16861.29,QUOTE_COINBASE_SPOT_BTC_USDT,2023-01-04T16:41:01.657738Z,0.02,542f4ec1-d052-491e-8a32-600015d7adc2,2023-01-04T16:41:01.719208200Z,0.00975826,16859.36
844980,QUOTE_COINBASE_SPOT_BTC_USDT,16861.29,QUOTE_COINBASE_SPOT_BTC_USDT,2023-01-04T16:41:01.956466Z,0.05933645,9c134cd4-276d-4665-ab5c-dc4c630de7d2,2023-01-04T16:41:02.015045700Z,0.00975826,16859.35
844981,QUOTE_COINBASE_SPOT_BTC_USDT,16861.29,QUOTE_COINBASE_SPOT_BTC_USDT,2023-01-04T16:41:04.640502Z,0.05,4d805f47-e94f-424e-968b-30f2d7514a8b,2023-01-04T16:41:04.702631100Z,0.00975826,16859.37
844982,QUOTE_COINBASE_SPOT_BTC_USDT,16861.29,QUOTE_COINBASE_SPOT_BTC_USDT,2023-01-04T16:41:05.284256Z,0.05933645,5469440d-4a01-468d-982d-da8640451220,2023-01-04T16:41:05.343031700Z,0.00975826,16859.35
845002,QUOTE_COINBASE_SPOT_BTC_USDT,16860.64,QUOTE_COINBASE_SPOT_BTC_USDT,2023-01-04T16:41:07.408487Z,0.1,7ff02739-d927-416d-9330-d5e40bfc30c0,2023-01-04T16:41:07.468458600Z,0.03794989,16858.24
845006,QUOTE_COINBASE_SPOT_BTC_USDT,16860.19,QUOTE_COINBASE_SPOT_BTC_USDT,2023-01-04T16:41:07.775458Z,0.1,a514afb4-aec7-498f-8964-6b55f83c3f41,2023-01-04T16:41:07.834678700Z,0.03794989,16858.24
845011,QUOTE_COINBASE_SPOT_BTC_USDT,16859.74,QUOTE_COINBASE_SPOT_BTC_USDT,2023-01-04T16:41:08.324379Z,0.1,d5b5a555-6ce1-416f-9f8d-20fc1b842a82,2023-01-04T16:41:08.388980500Z,0.03794989,16858.24
845012,QUOTE_COINBASE_SPOT_BTC_USDT,16859.73,QUOTE_COINBASE_SPOT_BTC_USDT,2023-01-04T16:41:09.254345Z,0.1,44d45b53-18a6-4bc5-8ef3-1b833d9f04b4,2023-01-04T16:41:09.314577900Z,0.004,16858.24
845014,QUOTE_COINBASE_SPOT_BTC_USDT,16859.83,QUOTE_COINBASE_SPOT_BTC_USDT,2023-01-04T16:41:13.534762Z,0.1,e7207ec5-0319-434f-8fd8-358c658dc756,2023-01-04T16:41:13.593953900Z,0.004,16858.24
845017,QUOTE_COINBASE_SPOT_BTC_USDT,16859.74,QUOTE_COINBASE_SPOT_BTC_USDT,2023-01-04T16:41:14.703235Z,0.1,cc982881-4516-4a0a-a7fd-5850e58f350c,2023-01-04T16:41:14.762797600Z,0.004,16858.24
845027,QUOTE_COINBASE_SPOT_BTC_USDT,16859.68,QUOTE_COINBASE_SPOT_BTC_USDT,2023-01-04T16:41:15.359837Z,0.1,4c488d1a-9a4b-4222-ad93-0634345ee27c,2023-01-04T16:41:15.418578900Z,0.04794989,16858.24
845031,QUOTE_COINBASE_SPOT_BTC_USDT,16859.62,QUOTE_COINBASE_SPOT_BTC_USDT,2023-01-04T16:41:15.874244Z,0.1,2a0344a0-2c1f-4bc7-88b5-8055ed715d11,2023-01-04T16:41:15.932667300Z,0.03794989,16858.24
845032,QUOTE_COINBASE_SPOT_BTC_USDT,16859.61,QUOTE_COINBASE_SPOT_BTC_USDT,2023-01-04T16:41:16.021371Z,0.1,7281a799-44d1-454e-9525-213a4cd746e4,2023-01-04T16:41:16.082733400Z,0.004,16858.24
845057,QUOTE_COINBASE_SPOT_BTC_USDT,16858.79,QUOTE_COINBASE_SPOT_BTC_USDT,2023-01-04T16:41:16.915562Z,0.02754499,e13255f9-9e38-4031-a84e-e7fc8413ef9f,2023-01-04T16:41:16.977023900Z,0.03794989,16855.94
845065,QUOTE_COINBASE_SPOT_BTC_USDT,16858.56,QUOTE_COINBASE_SPOT_BTC_USDT,2023-01-04T16:41:17.322120Z,0.08902688,217b23ad-cece-4e72-b363-79a6a16f451e,2023-01-04T16:41:17.380179500Z,0.004,16855.14
845067,QUOTE_COINBASE_SPOT_BTC_USDT,16858.34,QUOTE_COINBASE_SPOT_BTC_USDT,2023-01-04T16:41:17.709545Z,0.08902688,5e741365-bc9a-4116-96c9-6c0fed08852c,2023-01-04T16:41:17.771589500Z,0.03794989,16855.14
845070,QUOTE_COINBASE_SPOT_BTC_USDT,16858.11,QUOTE_COINBASE_SPOT_BTC_USDT,2023-01-04T16:41:18.093697Z,0.08902688,8994d40e-752f-42c5-948b-5a94623289c8,2023-01-04T16:41:18.152165200Z,0.03794989,16855.14
845108,QUOTE_COINBASE_SPOT_BTC_USDT,16856.28,QUOTE_COINBASE_SPOT_BTC_USDT,2023-01-04T16:41:18.837951Z,0.02754499,d8983dfc-1306-4dea-afc2-37bed47d58ba,2023-01-04T16:41:18.899706800Z,0.03794989,16854.05
845119,QUOTE_COINBASE_SPOT_BTC_USDT,16856.24,QUOTE_COINBASE_SPOT_BTC_USDT,2023-01-04T16:41:19.300580Z,0.05935836,afd3f89b-a84a-4652-ada0-13348bf71693,2023-01-04T16:41:19.360625100Z,0.03794989,16853.12
845123,QUOTE_COINBASE_SPOT_BTC_USDT,16855.61,QUOTE_COINBASE_SPOT_BTC_USDT,2023-01-04T16:41:19.883390Z,0.05936075,3539b770-345d-4d02-b26b-55c358d902ae,2023-01-04T16:41:19.941880900Z,0.03794989,16852.46
845136,QUOTE_COINBASE_SPOT_BTC_USDT,16855.28,QUOTE_COINBASE_SPOT_BTC_USDT,2023-01-04T16:41:20.407611Z,0.05936075,81d06d87-3336-4d9e-9323-e888662c43b2,2023-01-04T16:41:20.469405400Z,0.03794989,16852.46
845138,QUOTE_COINBASE_SPOT_BTC_USDT,16854.75,QUOTE_COINBASE_SPOT_BTC_USDT,2023-01-04T16:41:20.511335Z,0.05936075,303de3f7-889c-4470-a9c5-8f63d5ef0c65,2023-01-04T16:41:20.572193Z,0.03794989,16852.46
845150,QUOTE_COINBASE_SPOT_BTC_USDT,16854.94,QUOTE_COINBASE_SPOT_BTC_USDT,2023-01-04T16:41:21.376941Z,0.05936075,7d6146cf-8d86-4df5-81c4-e77c7921c27e,2023-01-04T16:41:21.436512Z,0.03794989,16852.46
845151,QUOTE_COINBASE_SPOT_BTC_USDT,16854.94,QUOTE_COINBASE_SPOT_BTC_USDT,2023-01-04T16:41:21.878220Z,0.05,7d00fb1a-f49c-478a-808a-5e1da98e49e0,2023-01-04T16:41:21.937093800Z,0.03794989,16852.47
845166,QUOTE_COINBASE_SPOT_BTC_USDT,16855.36,QUOTE_COINBASE_SPOT_BTC_USDT,2023-01-04T16:41:22.350023Z,0.05,c6a1201a-a04e-4830-aa7f-d1aa22f60ef4,2023-01-04T16:41:22.412263100Z,0.01,16854.17
845176,QUOTE_COINBASE_SPOT_BTC_USDT,16855.82,QUOTE_COINBASE_SPOT_BTC_USDT,2023-01-04T16:41:22.891524Z,0.02,42e34e63-6cd8-4118-a456-5125ca4d3fe4,2023-01-04T16:41:22.953996900Z,0.01,16854.18
845179,QUOTE_COINBASE_SPOT_BTC_USDT,16855.42,QUOTE_COINBASE_SPOT_BTC_USDT,2023-01-04T16:41:23.350186Z,0.02,c9e94dfa-c4bb-430b-b25d-999f37effe64,2023-01-04T16:41:23.409692300Z,0.00987913,16854.18
845186,QUOTE_COINBASE_SPOT_BTC_USDT,16855.77,QUOTE_COINBASE_SPOT_BTC_USDT,2023-01-04T16:41:23.825622Z,0.02,4d5c8c08-05c5-41a0-842b-78bc711fa034,2023-01-04T16:41:23.884859500Z,0.04,16854.24
845187,QUOTE_COINBASE_SPOT_BTC_USDT,16855.42,QUOTE_COINBASE_SPOT_BTC_USDT,2023-01-04T16:41:23.971707Z,0.02,43da2dc0-2912-4450-ae43-cacb08210071,2023-01-04T16:41:24.034351700Z,0.01,16854.24
845188,QUOTE_COINBASE_SPOT_BTC_USDT,16855.42,QUOTE_COINBASE_SPOT_BTC_USDT,2023-01-04T16:41:24.826412Z,0.0593545,886c7a92-664f-4bca-a3d0-1d1e4c578fde,2023-01-04T16:41:24.889673400Z,0.01,16854.23
845193,QUOTE_COINBASE_SPOT_BTC_USDT,16856.82,QUOTE_COINBASE_SPOT_BTC_USDT,2023-01-04T16:41:25.386057Z,0.0593545,cdbdf961-38cd-4b22-b132-cd4e690384b5,2023-01-04T16:41:25.451509400Z,0.03794989,16854.23
845209,QUOTE_COINBASE_SPOT_BTC_USDT,16857.46,QUOTE_COINBASE_SPOT_BTC_USDT,2023-01-04T16:41:25.904026Z,0.03794989,e21a1b93-4d4f-4648-95c6-d9bbf49217d7,2023-01-04T16:41:25.963341400Z,0.03563232,16854.57
845216,QUOTE_COINBASE_SPOT_BTC_USDT,16857.82,QUOTE_COINBASE_SPOT_BTC_USDT,2023-01-04T16:41:26.055580Z,0.02,f4a70dd9-0f5c-4463-920f-20c72aaeb018,2023-01-04T16:41:26.117525800Z,0.004,16854.72
845217,QUOTE_COINBASE_SPOT_BTC_USDT,16857.82,QUOTE_COINBASE_SPOT_BTC_USDT,2023-01-04T16:41:26.528917Z,0.05935287,ab994c59-fe25-4e78-bfe1-dc20d1633c7a,2023-01-04T16:41:26.588560100Z,0.004,16854.69
845220,QUOTE_COINBASE_SPOT_BTC_USDT,16857.6,QUOTE_COINBASE_SPOT_BTC_USDT,2023-01-04T16:41:27.229183Z,0.05935287,a5973aef-816d-4455-bcf1-8f9fdfae9df5,2023-01-04T16:41:27.287676800Z,0.004,16854.69
845222,QUOTE_COINBASE_SPOT_BTC_USDT,16857.38,QUOTE_COINBASE_SPOT_BTC_USDT,2023-01-04T16:41:27.790344Z,0.05935287,a5de1d20-5ce7-4b21-b6ee-e1798653338f,2023-01-04T16:41:27.848576900Z,0.03794989,16854.69
845223,QUOTE_COINBASE_SPOT_BTC_USDT,16857.37,QUOTE_COINBASE_SPOT_BTC_USDT,2023-01-04T16:41:28.009829Z,0.05935287,8ddd0cab-2450-42d5-9ef5-024e11dbaeed,2023-01-04T16:41:28.068651400Z,0.004,16854.69
845228,QUOTE_COINBASE_SPOT_BTC_USDT,16857.14,QUOTE_COINBASE_SPOT_BTC_USDT,2023-01-04T16:41:29.422489Z,0.05935287,fae9497c-4324-463d-8042-db118c29c8dd,2023-01-04T16:41:29.480890900Z,0.02,16854.69
845229,QUOTE_COINBASE_SPOT_BTC_USDT,16856.93,QUOTE_COINBASE_SPOT_BTC_USDT,2023-01-04T16:41:29.439139Z,0.05935287,e4ef046b-9b6a-4ffe-962b-9df663ce8b57,2023-01-04T16:41:29.499082100Z,0.03794989,16854.69
845230,QUOTE_COINBASE_SPOT_BTC_USDT,16856.92,QUOTE_COINBASE_SPOT_BTC_USDT,2023-01-04T16:41:30.275860Z,0.05935287,f2bf9c02-65ab-41ce-95d3-f57c2da3acdd,2023-01-04T16:41:30.334790500Z,0.004,16854.69
845236,QUOTE_COINBASE_SPOT_BTC_USDT,16857.38,QUOTE_COINBASE_SPOT_BTC_USDT,2023-01-04T16:41:31.405825Z,0.05935287,ee095023-5401-449f-8155-73f3c96b7878,2023-01-04T16:41:31.465783400Z,0.03794989,16854.69
845241,QUOTE_COINBASE_SPOT_BTC_USDT,16857.47,QUOTE_COINBASE_SPOT_BTC_USDT,2023-01-04T16:41:31.631685Z,0.00017796,a6271aef-1fc9-44d5-8402-68d9f5561570,2023-01-04T16:41:31.692498900Z,0.03794989,16854.74
845249,QUOTE_COINBASE_SPOT_BTC_USDT,16857.47,QUOTE_COINBASE_SPOT_BTC_USDT,2023-01-04T16:41:32.147403Z,0.02,024fc138-3adc-412b-8aeb-5e1a3896b340,2023-01-04T16:41:32.205829400Z,0.03794989,16854.76
845250,QUOTE_COINBASE_SPOT_BTC_USDT,16857.46,QUOTE_COINBASE_SPOT_BTC_USDT,2023-01-04T16:41:33.011201Z,0.02,033f1116-f630-4ae8-abff-4540c51e9adc,2023-01-04T16:41:33.069741900Z,0.004,16854.76
845251,QUOTE_COINBASE_SPOT_BTC_USDT,16857.46,QUOTE_COINBASE_SPOT_BTC_USDT,2023-01-04T16:41:33.781589Z,0.07,de2ce91c-c0f6-4ca9-8518-a3f2d0848f8f,2023-01-04T16:41:33.845490500Z,0.004,16854.76
845253,QUOTE_COINBASE_SPOT_BTC_USDT,16857.46,QUOTE_COINBASE_SPOT_BTC_USDT,2023-01-04T16:41:34.231292Z,0.00017796,43b1e193-e7b9-4182-bb82-4fa5db980567,2023-01-04T16:41:34.296055300Z,0.004,16854.74
845260,QUOTE_COINBASE_SPOT_BTC_USDT,16857.01,QUOTE_COINBASE_SPOT_BTC_USDT,2023-01-04T16:41:36.193409Z,0.00017796,a6cc1871-3016-485a-bc65-123e2c5b34f1,2023-01-04T16:41:36.252332300Z,0.004,16854.74
845263,QUOTE_COINBASE_SPOT_BTC_USDT,16856.78,QUOTE_COINBASE_SPOT_BTC_USDT,2023-01-04T16:41:36.688154Z,0.00017796,4e7796f4-41b4-4b8d-9703-b7b1aaf7446a,2023-01-04T16:41:36.746486100Z,0.004,16854.74
845270,QUOTE_COINBASE_SPOT_BTC_USDT,16856.35,QUOTE_COINBASE_SPOT_BTC_USDT,2023-01-04T16:41:37.316391Z,0.05935523,680d64e0-d794-49eb-a3aa-4e8070fd5297,2023-01-04T16:41:37.380145300Z,0.03794989,16854.01
845271,QUOTE_COINBASE_SPOT_BTC_USDT,16856.34,QUOTE_COINBASE_SPOT_BTC_USDT,2023-01-04T16:41:38.301598Z,0.05935523,a4433935-5c74-4056-9b3f-f554c2fce27d,2023-01-04T16:41:38.370584500Z,0.004,16854.01
845277,QUOTE_COINBASE_SPOT_BTC_USDT,16855.88,QUOTE_COINBASE_SPOT_BTC_USDT,2023-01-04T16:41:38.637672Z,7.802e-05,51b327e5-b1a5-4599-b500-0ab31d2ff238,2023-01-04T16:41:38.698793600Z,0.004,16853.71
845280,QUOTE_COINBASE_SPOT_BTC_USDT,16855.29,QUOTE_COINBASE_SPOT_BTC_USDT,2023-01-04T16:41:39.404714Z,7.802e-05,c88a9b46-4bd7-418d-b8ef-517811a1986f,2023-01-04T16:41:39.463068400Z,0.03794989,16853.71
845291,QUOTE_COINBASE_SPOT_BTC_USDT,16855.51,QUOTE_COINBASE_SPOT_BTC_USDT,2023-01-04T16:41:40.263178Z,0.02,aaa62e15-ff1d-4d60-afe3-12450eacd2e7,2023-01-04T16:41:40.323490100Z,0.01,16853.72
845292,QUOTE_COINBASE_SPOT_BTC_USDT,16855.66,QUOTE_COINBASE_SPOT_BTC_USDT,2023-01-04T16:41:41.285926Z,0.02,ab04702d-7a20-4c89-9e17-0eb698e6810f,2023-01-04T16:41:41.344346600Z,0.05934944,16853.72
845296,QUOTE_COINBASE_SPOT_BTC_USDT,16855.49,QUOTE_COINBASE_SPOT_BTC_USDT,2023-01-04T16:41:41.887333Z,7.802e-05,9de66e82-a736-4927-8a9d-95f802ee804f,2023-01-04T16:41:41.945878400Z,0.01,16853.71
845303,QUOTE_COINBASE_SPOT_BTC_USDT,16855.48,QUOTE_COINBASE_SPOT_BTC_USDT,2023-01-04T16:41:42.316094Z,7.802e-05,e97a0d1b-3733-4405-bae9-8c773fb8625e,2023-01-04T16:41:42.374483700Z,0.004,16853.71
845306,QUOTE_COINBASE_SPOT_BTC_USDT,16855.49,QUOTE_COINBASE_SPOT_BTC_USDT,2023-01-04T16:41:44.756982Z,0.02,f335928d-8f33-4b09-88a8-b21d7fab6687,2023-01-04T16:41:44.817808700Z,0.01,16853.73
845309,QUOTE_COINBASE_SPOT_BTC_USDT,16855.49,QUOTE_COINBASE_SPOT_BTC_USDT,2023-01-04T16:41:45.112021Z,0.05935594,d9d394ac-45e5-4d5d-b39b-2dbb26342274,2023-01-04T16:41:45.197487900Z,0.01,16853.82
845311,QUOTE_COINBASE_SPOT_BTC_USDT,16855.49,QUOTE_COINBASE_SPOT_BTC_USDT,2023-01-04T16:41:46.172520Z,0.02,efbdc51c-b8fc-499a-be8c-6fca415d2fa6,2023-01-04T16:41:46.231325200Z,0.01,16853.85
845312,QUOTE_COINBASE_SPOT_BTC_USDT,16855.49,QUOTE_COINBASE_SPOT_BTC_USDT,2023-01-04T16:41:46.852481Z,0.1,2cc1ed83-7dae-447a-b012-4a33ab85e135,2023-01-04T16:41:46.912277600Z,0.01,16853.86
845316,QUOTE_COINBASE_SPOT_BTC_USDT,16855.49,QUOTE_COINBASE_SPOT_BTC_USDT,2023-01-04T16:41:47.111316Z,0.02,6926c22d-03b4-44ce-af83-ace1a556b3d8,2023-01-04T16:41:47.170335Z,0.01,16853.88
845318,QUOTE_COINBASE_SPOT_BTC_USDT,16855.49,QUOTE_COINBASE_SPOT_BTC_USDT,2023-01-04T16:41:48.089318Z,0.1,5575219b-9cca-4263-a2cf-9de781fcc778,2023-01-04T16:41:48.148131700Z,0.01,16853.89
845320,QUOTE_COINBASE_SPOT_BTC_USDT,16855.49,QUOTE_COINBASE_SPOT_BTC_USDT,2023-01-04T16:41:49.066473Z,0.1,53af415c-3512-49ea-a8ed-1472d9c73f24,2023-01-04T16:41:49.125339700Z,0.01,16853.89
845326,QUOTE_COINBASE_SPOT_BTC_USDT,16855.49,QUOTE_COINBASE_SPOT_BTC_USDT,2023-01-04T16:41:50.123854Z,0.1,3e00c793-f824-46a1-8fc5-d672c2cd1b3c,2023-01-04T16:41:50.183458300Z,0.01,16853.89
845335,QUOTE_COINBASE_SPOT_BTC_USDT,16855.48,QUOTE_COINBASE_SPOT_BTC_USDT,2023-01-04T16:41:51.087414Z,0.1,51a4d841-e603-469d-8b9d-3a4871a77cab,2023-01-04T16:41:51.147308900Z,0.004,16853.89
845342,QUOTE_COINBASE_SPOT_BTC_USDT,16855.82,QUOTE_COINBASE_SPOT_BTC_USDT,2023-01-04T16:41:51.873897Z,0.1,fac12f92-e9c0-4ca0-b885-01470f7dc7fd,2023-01-04T16:41:51.943404800Z,0.03794989,16853.9
845348,QUOTE_COINBASE_SPOT_BTC_USDT,16855.47,QUOTE_COINBASE_SPOT_BTC_USDT,2023-01-04T16:41:52.251829Z,0.15,0d652996-0b06-4276-b2b5-856f8046c588,2023-01-04T16:41:52.314478Z,0.01,16853.9
845349,QUOTE_COINBASE_SPOT_BTC_USDT,16855.47,QUOTE_COINBASE_SPOT_BTC_USDT,2023-01-04T16:41:52.914256Z,0.1,8e1f93fd-30ec-49dc-92f0-6b031a92e54d,2023-01-04T16:41:52.978224200Z,0.01,16853.9
845355,QUOTE_COINBASE_SPOT_BTC_USDT,16855.47,QUOTE_COINBASE_SPOT_BTC_USDT,2023-01-04T16:41:54.711654Z,0.1,b6de1b75-6a00-4b39-b539-139dd4a31151,2023-01-04T16:41:54.772723100Z,0.01,16853.91
845362,QUOTE_COINBASE_SPOT_BTC_USDT,16855.47,QUOTE_COINBASE_SPOT_BTC_USDT,2023-01-04T16:41:56.244467Z,0.1,988d4ec1-a59e-488c-bad3-2519acde93b9,2023-01-04T16:41:56.302830200Z,0.01,16853.92
845366,QUOTE_COINBASE_SPOT_BTC_USDT,16855.47,QUOTE_COINBASE_SPOT_BTC_USDT,2023-01-04T16:41:59.616658Z,0.1,6cc010ec-1583-4aba-9e66-5f6210abc5fb,2023-01-04T16:41:59.676862800Z,0.01,16853.92
845376,QUOTE_COINBASE_SPOT_BTC_USDT,16855.46,QUOTE_COINBASE_SPOT_BTC_USDT,2023-01-04T16:42:02.605150Z,0.1,374043b0-8806-482a-9546-6b86bdd4d684,2023-01-04T16:42:02.664396100Z,0.01,16853.92
845386,QUOTE_COINBASE_SPOT_BTC_USDT,16855.46,QUOTE_COINBASE_SPOT_BTC_USDT,2023-01-04T16:42:03.328500Z,0.1,4fdbfe72-07fb-4ac7-8ca1-ee4f4bdef6a9,2023-01-04T16:42:03.388542Z,0.01,16853.92
845393,QUOTE_COINBASE_SPOT_BTC_USDT,16855.06,QUOTE_COINBASE_SPOT_BTC_USDT,2023-01-04T16:42:04.275609Z,0.1,9080ae45-2b05-45fa-a1c6-6c9c6fa74969,2023-01-04T16:42:04.341180200Z,0.01,16853.92
845398,QUOTE_COINBASE_SPOT_BTC_USDT,16855.06,QUOTE_COINBASE_SPOT_BTC_USDT,2023-01-04T16:42:04.655971Z,0.1,f8f7c0ae-fda2-4829-b85a-d89afed0da48,2023-01-04T16:42:04.715234800Z,0.01,16853.95
845400,QUOTE_COINBASE_SPOT_BTC_USDT,16855.06,QUOTE_COINBASE_SPOT_BTC_USDT,2023-01-04T16:42:04.944997Z,0.1,664264bb-cc72-47b3-a73a-4369a5d437ad,2023-01-04T16:42:05.009404900Z,0.01,16853.97
845402,QUOTE_COINBASE_SPOT_BTC_USDT,16855.06,QUOTE_COINBASE_SPOT_BTC_USDT,2023-01-04T16:42:05.757332Z,0.1,cd986160-c6cc-43f0-a34a-b6b21d95d308,2023-01-04T16:42:05.815897Z,0.01,16853.99
845404,QUOTE_COINBASE_SPOT_BTC_USDT,16855.06,QUOTE_COINBASE_SPOT_BTC_USDT,2023-01-04T16:42:06.206187Z,0.02,c3435865-a1a9-40ad-9f71-07f93d4aa64e,2023-01-04T16:42:06.273522600Z,0.01,16854.1
845413,QUOTE_COINBASE_SPOT_BTC_USDT,16855.45,QUOTE_COINBASE_SPOT_BTC_USDT,2023-01-04T16:42:06.884058Z,0.1,e503ffdb-51c4-4261-80a6-595e862abdbd,2023-01-04T16:42:06.947611400Z,0.04,16854.13
845420,QUOTE_COINBASE_SPOT_BTC_USDT,16855.11,QUOTE_COINBASE_SPOT_BTC_USDT,2023-01-04T16:42:07.182121Z,0.1,c9fde895-5854-4abf-a9d3-68d0b079cd78,2023-01-04T16:42:07.248031300Z,0.01,16854.17
845443,QUOTE_COINBASE_SPOT_BTC_USDT,16856.51,QUOTE_COINBASE_SPOT_BTC_USDT,2023-01-04T16:42:08.907192Z,0.05,74302995-0b68-4a00-ba94-7bcb9936a53a,2023-01-04T16:42:08.968450600Z,0.01,16854.35
845444,QUOTE_COINBASE_SPOT_BTC_USDT,16856.51,QUOTE_COINBASE_SPOT_BTC_USDT,2023-01-04T16:42:08.920015Z,0.1,3f1b96ca-1132-452c-8e98-c8c0388a5c21,2023-01-04T16:42:08.984007100Z,0.01,16854.36
845448,QUOTE_COINBASE_SPOT_BTC_USDT,16856.51,QUOTE_COINBASE_SPOT_BTC_USDT,2023-01-04T16:42:09.833816Z,0.1,e4b6fd8d-914a-4715-a8dd-399b2e897c6f,2023-01-04T16:42:09.892782700Z,0.01,16854.4
845450,QUOTE_COINBASE_SPOT_BTC_USDT,16856.51,QUOTE_COINBASE_SPOT_BTC_USDT,2023-01-04T16:42:10.114423Z,0.1,30714387-104e-4ea4-b633-07cb2e7c4815,2023-01-04T16:42:10.173290900Z,0.01,16854.42
845452,QUOTE_COINBASE_SPOT_BTC_USDT,16856.51,QUOTE_COINBASE_SPOT_BTC_USDT,2023-01-04T16:42:11.905483Z,0.1,e065bac1-d73e-4d61-b433-03828198f178,2023-01-04T16:42:11.964414800Z,0.01,16854.44
845456,QUOTE_COINBASE_SPOT_BTC_USDT,16856.16,QUOTE_COINBASE_SPOT_BTC_USDT,2023-01-04T16:42:12.834066Z,0.1,e37006f1-6347-4843-a156-efb64ecb9590,2023-01-04T16:42:12.893049Z,0.03794989,16854.44
845457,QUOTE_COINBASE_SPOT_BTC_USDT,16856.15,QUOTE_COINBASE_SPOT_BTC_USDT,2023-01-04T16:42:13.007935Z,0.1,9cd99805-08fe-41ba-841f-9b8d9f862ff6,2023-01-04T16:42:13.068061800Z,0.004,16854.44
845467,QUOTE_COINBASE_SPOT_BTC_USDT,16856.48,QUOTE_COINBASE_SPOT_BTC_USDT,2023-01-04T16:42:13.671480Z,0.1,363b91bf-b336-40ee-b895-ba3ec71158ee,2023-01-04T16:42:13.737899400Z,0.03794989,16854.52
845475,QUOTE_COINBASE_SPOT_BTC_USDT,16856.5,QUOTE_COINBASE_SPOT_BTC_USDT,2023-01-04T16:42:14.410618Z,0.1,b39123ca-42e4-49b9-8f5a-3313b35fb0e9,2023-01-04T16:42:14.469164400Z,0.004,16854.61
845477,QUOTE_COINBASE_SPOT_BTC_USDT,16856.5,QUOTE_COINBASE_SPOT_BTC_USDT,2023-01-04T16:42:14.651627Z,0.1,661afd99-654a-4aff-9a3f-741510e39b87,2023-01-04T16:42:14.714808600Z,0.004,16854.62
845485,QUOTE_COINBASE_SPOT_BTC_USDT,16856.06,QUOTE_COINBASE_SPOT_BTC_USDT,2023-01-04T16:42:15.843184Z,0.1,58bdf61b-18d2-462c-8809-2af8c3479401,2023-01-04T16:42:15.903693600Z,0.03794989,16854.23
845486,QUOTE_COINBASE_SPOT_BTC_USDT,16856.05,QUOTE_COINBASE_SPOT_BTC_USDT,2023-01-04T16:42:16.011292Z,0.1,c0247903-3139-4a1b-bf42-c004eb89fab7,2023-01-04T16:42:16.077263900Z,0.004,16854.23
845493,QUOTE_COINBASE_SPOT_BTC_USDT,16856.28,QUOTE_COINBASE_SPOT_BTC_USDT,2023-01-04T16:42:19.771422Z,0.1,7077ae41-68ab-4bbe-b9e8-b77ccbbd8706,2023-01-04T16:42:19.830618900Z,0.03794989,16854.24
845495,QUOTE_COINBASE_SPOT_BTC_USDT,16856.28,QUOTE_COINBASE_SPOT_BTC_USDT,2023-01-04T16:42:20.164267Z,0.1,c0a24558-5183-4d38-ba2a-6bcd03228256,2023-01-04T16:42:20.223395400Z,0.03794989,16854.24
845498,QUOTE_COINBASE_SPOT_BTC_USDT,16856.27,QUOTE_COINBASE_SPOT_BTC_USDT,2023-01-04T16:42:21.205084Z,0.1,41331897-604d-46e9-9fd3-f1032054cfa5,2023-01-04T16:42:21.263905900Z,0.004,16854.24
845501,QUOTE_COINBASE_SPOT_BTC_USDT,16856.05,QUOTE_COINBASE_SPOT_BTC_USDT,2023-01-04T16:42:21.896133Z,0.1,c79a121e-2f0c-49e6-8026-e34aea15ae18,2023-01-04T16:42:21.957505500Z,0.08794989,16854.24
845511,QUOTE_COINBASE_SPOT_BTC_USDT,16855.3,QUOTE_COINBASE_SPOT_BTC_USDT,2023-01-04T16:42:22.402159Z,0.1,d3fd9b14-5520-4bc9-b85c-e78141f9811c,2023-01-04T16:42:22.465455200Z,0.03794989,16854.23
845515,QUOTE_COINBASE_SPOT_BTC_USDT,16855.3,QUOTE_COINBASE_SPOT_BTC_USDT,2023-01-04T16:42:22.450159Z,6.35e-06,7646e5c1-b0ba-42c3-a623-87cde0f1ec47,2023-01-04T16:42:22.514708600Z,0.03794989,16854.21
845517,QUOTE_COINBASE_SPOT_BTC_USDT,16855.29,QUOTE_COINBASE_SPOT_BTC_USDT,2023-01-04T16:42:23.012759Z,0.05935452,7bb317f1-31da-4c60-9a47-de4dd1e878b1,2023-01-04T16:42:23.071763800Z,0.004,16854.22
845518,QUOTE_COINBASE_SPOT_BTC_USDT,16855.3,QUOTE_COINBASE_SPOT_BTC_USDT,2023-01-04T16:42:23.437052Z,0.05935452,4c8988db-4fe2-46fc-8700-129adc7c87ee,2023-01-04T16:42:23.495161Z,0.03794989,16854.22
845520,QUOTE_COINBASE_SPOT_BTC_USDT,16855.4,QUOTE_COINBASE_SPOT_BTC_USDT,2023-01-04T16:42:24.041232Z,0.05935452,b7d175af-82d5-4a34-878d-7f45bc613fd0,2023-01-04T16:42:24.109327400Z,0.03794989,16854.22
845524,QUOTE_COINBASE_SPOT_BTC_USDT,16855.5,QUOTE_COINBASE_SPOT_BTC_USDT,2023-01-04T16:42:25.178049Z,0.05935452,883eabe9-dea1-406c-b621-b3f82c285b43,2023-01-04T16:42:25.238789500Z,0.03794989,16854.22
845530,QUOTE_COINBASE_SPOT_BTC_USDT,16856.05,QUOTE_COINBASE_SPOT_BTC_USDT,2023-01-04T16:42:26.401733Z,0.05935452,525f4e83-d22b-4284-b7c0-e8e0080185b2,2023-01-04T16:42:26.469603500Z,0.03794989,16854.22
845531,QUOTE_COINBASE_SPOT_BTC_USDT,16856.04,QUOTE_COINBASE_SPOT_BTC_USDT,2023-01-04T16:42:27.021816Z,0.05935452,0f768563-2c56-4677-83a5-1306f563990b,2023-01-04T16:42:27.085345200Z,0.004,16854.22
845537,QUOTE_COINBASE_SPOT_BTC_USDT,16856.05,QUOTE_COINBASE_SPOT_BTC_USDT,2023-01-04T16:42:28.698963Z,0.10935452,7f05b23a-7248-4f86-8e4c-0f2f286a3739,2023-01-04T16:42:28.765909600Z,0.03794989,16854.22
845541,QUOTE_COINBASE_SPOT_BTC_USDT,16856.17,QUOTE_COINBASE_SPOT_BTC_USDT,2023-01-04T16:42:28.965952Z,0.02,4f56188a-fcff-47a4-9b25-38ead31dc7e2,2023-01-04T16:42:29.026628600Z,0.01,16854.23
845542,QUOTE_COINBASE_SPOT_BTC_USDT,16856.17,QUOTE_COINBASE_SPOT_BTC_USDT,2023-01-04T16:42:30.388793Z,0.05935452,b9838c38-8f57-4263-84a4-fc33a4055dd8,2023-01-04T16:42:30.450481500Z,0.01,16854.22
845543,QUOTE_COINBASE_SPOT_BTC_USDT,16856.17,QUOTE_COINBASE_SPOT_BTC_USDT,2023-01-04T16:42:31.802814Z,0.05,f766c998-ccaf-4d5a-a302-4e23b25d5d1c,2023-01-04T16:42:31.866426500Z,0.01,16854.25
845546,QUOTE_COINBASE_SPOT_BTC_USDT,16856.17,QUOTE_COINBASE_SPOT_BTC_USDT,2023-01-04T16:42:32.912769Z,0.05935452,18d763c5-b39f-46a2-a506-bb32939d164b,2023-01-04T16:42:32.977160800Z,0.01,16854.22
845550,QUOTE_COINBASE_SPOT_BTC_USDT,16856.17,QUOTE_COINBASE_SPOT_BTC_USDT,2023-01-04T16:42:33.403980Z,0.05935452,0014dfec-d2c4-43c7-8f5f-b9b909218454,2023-01-04T16:42:33.462427200Z,0.01,16854.22
845551,QUOTE_COINBASE_SPOT_BTC_USDT,16855.98,QUOTE_COINBASE_SPOT_BTC_USDT,2023-01-04T16:42:33.432099Z,0.05935452,e181c6a5-5c2b-4d3e-8db2-45b46cc7050d,2023-01-04T16:42:33.490363700Z,0.03794989,16854.22
845563,QUOTE_COINBASE_SPOT_BTC_USDT,16856.16,QUOTE_COINBASE_SPOT_BTC_USDT,2023-01-04T16:42:34.410568Z,0.10935452,a24cf753-f193-455b-b415-812e784eaa9a,2023-01-04T16:42:34.469749Z,0.01,16854.22
845565,QUOTE_COINBASE_SPOT_BTC_USDT,16855.95,QUOTE_COINBASE_SPOT_BTC_USDT,2023-01-04T16:42:34.827933Z,0.05935452,57921b7c-5ae6-45f9-bd1e-c17d24f176c3,2023-01-04T16:42:34.896639800Z,0.03794989,16854.22
845571,QUOTE_COINBASE_SPOT_BTC_USDT,16855.95,QUOTE_COINBASE_SPOT_BTC_USDT,2023-01-04T16:42:35.095708Z,0.05935452,453b478c-6859-4641-93bc-6056832faf59,2023-01-04T16:42:35.164703700Z,0.03794989,16854.22
845577,QUOTE_COINBASE_SPOT_BTC_USDT,16855.95,QUOTE_COINBASE_SPOT_BTC_USDT,2023-01-04T16:42:36.077743Z,0.05935452,5653aed4-6941-4d03-8d71-5e731dfcb416,2023-01-04T16:42:36.136880400Z,0.03794989,16854.22
845587,QUOTE_COINBASE_SPOT_BTC_USDT,16856.15,QUOTE_COINBASE_SPOT_BTC_USDT,2023-01-04T16:42:36.915918Z,0.02,d0a37590-2389-441a-bb15-550f192f54ea,2023-01-04T16:42:36.974932100Z,0.03794989,16854.23
845588,QUOTE_COINBASE_SPOT_BTC_USDT,16856.16,QUOTE_COINBASE_SPOT_BTC_USDT,2023-01-04T16:42:36.938100Z,0.02,48bdc390-a746-4c9c-97dc-29424926a5c5,2023-01-04T16:42:37.000649600Z,0.01,16854.23
845589,QUOTE_COINBASE_SPOT_BTC_USDT,16856.16,QUOTE_COINBASE_SPOT_BTC_USDT,2023-01-04T16:42:37.852288Z,0.05935452,344659f7-efd3-474c-b344-ee0730fccba8,2023-01-04T16:42:37.914036600Z,0.01,16854.22
845591,QUOTE_COINBASE_SPOT_BTC_USDT,16856.16,QUOTE_COINBASE_SPOT_BTC_USDT,2023-01-04T16:42:38.149334Z,0.05935452,d2df30dd-7638-4de0-95ec-a889f9ff20f4,2023-01-04T16:42:38.209338900Z,0.01,16854.22
845599,QUOTE_COINBASE_SPOT_BTC_USDT,16855.16,QUOTE_COINBASE_SPOT_BTC_USDT,2023-01-04T16:42:40.170827Z,6.35e-06,d0d1a9fa-c05f-44b9-b36b-a61a1ed847c1,2023-01-04T16:42:40.229562100Z,0.01,16854.21
845601,QUOTE_COINBASE_SPOT_BTC_USDT,16855.16,QUOTE_COINBASE_SPOT_BTC_USDT,2023-01-04T16:42:40.713365Z,6.35e-06,7e05126e-8fb1-440b-abfe-1f01e0d59ba5,2023-01-04T16:42:40.771894200Z,0.01,16854.21
845602,QUOTE_COINBASE_SPOT_BTC_USDT,16855.15,QUOTE_COINBASE_SPOT_BTC_USDT,2023-01-04T16:42:41.315539Z,6.35e-06,f6a064ea-eef6-469a-bc84-655fe4080c3d,2023-01-04T16:42:41.379743800Z,0.004,16854.21
845608,QUOTE_COINBASE_SPOT_BTC_USDT,16855.15,QUOTE_COINBASE_SPOT_BTC_USDT,2023-01-04T16:42:44.876931Z,6.35e-06,70daf1e9-9567-4b57-97d5-0e0c7c185b37,2023-01-04T16:42:44.935318100Z,0.004,16854.21
845611,QUOTE_COINBASE_SPOT_BTC_USDT,16855.16,QUOTE_COINBASE_SPOT_BTC_USDT,2023-01-04T16:42:45.132655Z,6.35e-06,bae48661-c5fc-4a8f-b36e-784808c01e1b,2023-01-04T16:42:45.204000200Z,0.01,16854.21
845617,QUOTE_COINBASE_SPOT_BTC_USDT,16854.95,QUOTE_COINBASE_SPOT_BTC_USDT,2023-01-04T16:42:45.728114Z,0.00025068,660906e8-fafd-4e2f-8070-970a22b8f29a,2023-01-04T16:42:45.789691900Z,0.03794989,16853.22
845643,QUOTE_COINBASE_SPOT_BTC_USDT,16853.93,QUOTE_COINBASE_SPOT_BTC_USDT,2023-01-04T16:42:46.247211Z,0.05936299,21616ed7-82b8-4af7-8b89-e66797c87d2f,2023-01-04T16:42:46.307640Z,0.03794989,16851.8
845652,QUOTE_COINBASE_SPOT_BTC_USDT,16853.53,QUOTE_COINBASE_SPOT_BTC_USDT,2023-01-04T16:42:47.399406Z,0.08904767,40ac888e-76a3-4094-b30a-98a69919e22e,2023-01-04T16:42:47.458005700Z,0.03794989,16851.2
845657,QUOTE_COINBASE_SPOT_BTC_USDT,16853.43,QUOTE_COINBASE_SPOT_BTC_USDT,2023-01-04T16:42:48.325248Z,0.08904767,9032d745-2f94-4591-b72d-b9e67ed21922,2023-01-04T16:42:48.383406900Z,0.004,16851.2
845659,QUOTE_COINBASE_SPOT_BTC_USDT,16853.21,QUOTE_COINBASE_SPOT_BTC_USDT,2023-01-04T16:42:49.016151Z,0.08904767,7beb0d4f-3da8-4589-8cce-f3c830da328a,2023-01-04T16:42:49.076056800Z,0.004,16851.2
845665,QUOTE_COINBASE_SPOT_BTC_USDT,16853.21,QUOTE_COINBASE_SPOT_BTC_USDT,2023-01-04T16:42:50.408888Z,0.02754407,8324b0c4-8a6b-40ca-8893-03c18c76da28,2023-01-04T16:42:50.470897Z,0.08047325,16849.53
845693,QUOTE_COINBASE_SPOT_BTC_USDT,16851.22,QUOTE_COINBASE_SPOT_BTC_USDT,2023-01-04T16:42:50.704021Z,0.05937094,7291adb1-d404-4bd4-b6e8-c0bc60fda96d,2023-01-04T16:42:50.762517500Z,0.03794989,16849.56
845695,QUOTE_COINBASE_SPOT_BTC_USDT,16851.31,QUOTE_COINBASE_SPOT_BTC_USDT,2023-01-04T16:42:51.086001Z,0.05937094,c5ccb807-45d1-4806-85bb-60842cff1ff6,2023-01-04T16:42:51.148424600Z,0.03794989,16849.56
845703,QUOTE_COINBASE_SPOT_BTC_USDT,16851.43,QUOTE_COINBASE_SPOT_BTC_USDT,2023-01-04T16:42:51.668928Z,0.07,d24d26a6-4f1d-4f83-a5bf-af036c5334b5,2023-01-04T16:42:51.740531700Z,0.179,16849.57
845709,QUOTE_COINBASE_SPOT_BTC_USDT,16851.43,QUOTE_COINBASE_SPOT_BTC_USDT,2023-01-04T16:42:52.109860Z,0.07,58a2e3ab-3df3-439e-b672-f81dd7d523ed,2023-01-04T16:42:52.168966800Z,0.179,16849.58
845715,QUOTE_COINBASE_SPOT_BTC_USDT,16851.75,QUOTE_COINBASE_SPOT_BTC_USDT,2023-01-04T16:42:52.833663Z,0.02,0978e4b1-0ee4-4510-a569-ee820aafa932,2023-01-04T16:42:52.893396100Z,0.01,16850.29
845720,QUOTE_COINBASE_SPOT_BTC_USDT,16852.1,QUOTE_COINBASE_SPOT_BTC_USDT,2023-01-04T16:42:53.408203Z,0.02,261b1b80-c489-49c9-b2d3-e99b0794a04f,2023-01-04T16:42:53.468890400Z,0.04,16850.58
845734,QUOTE_COINBASE_SPOT_BTC_USDT,16852.59,QUOTE_COINBASE_SPOT_BTC_USDT,2023-01-04T16:42:53.894346Z,0.00027645,f8675247-c120-471b-aa84-5deec717836b,2023-01-04T16:42:53.953083400Z,0.01,16851.31
845736,QUOTE_COINBASE_SPOT_BTC_USDT,16852.59,QUOTE_COINBASE_SPOT_BTC_USDT,2023-01-04T16:42:53.935755Z,0.23745883,80fbef89-35ff-4f80-8b67-6e55fc727788,2023-01-04T16:42:53.995900400Z,0.01,16851.33
845739,QUOTE_COINBASE_SPOT_BTC_USDT,16852.59,QUOTE_COINBASE_SPOT_BTC_USDT,2023-01-04T16:42:57.114549Z,0.05,b319ed82-5590-41bb-8fe0-768d5d6e293f,2023-01-04T16:42:57.174147400Z,0.01,16851.38
845743,QUOTE_COINBASE_SPOT_BTC_USDT,16852.94,QUOTE_COINBASE_SPOT_BTC_USDT,2023-01-04T16:42:57.855568Z,0.02,d0ce0dff-c28d-4bf6-8eec-7d358c64e82a,2023-01-04T16:42:57.928633Z,0.04,16851.39
845753,QUOTE_COINBASE_SPOT_BTC_USDT,16852.65,QUOTE_COINBASE_SPOT_BTC_USDT,2023-01-04T16:42:58.388101Z,0.16343323,afa03d5a-6ec8-4afa-b4d4-a7b30081796b,2023-01-04T16:42:58.449070600Z,0.01,16851.39
845757,QUOTE_COINBASE_SPOT_BTC_USDT,16852.65,QUOTE_COINBASE_SPOT_BTC_USDT,2023-01-04T16:42:58.818962Z,0.19343323,b8b25b99-341b-4b58-b131-cc4d9bf7e924,2023-01-04T16:42:58.877821100Z,0.01,16851.39
845758,QUOTE_COINBASE_SPOT_BTC_USDT,16852.65,QUOTE_COINBASE_SPOT_BTC_USDT,2023-01-04T16:42:59.715679Z,0.14343323,0fc31300-cb71-4750-ad93-d17b27533adb,2023-01-04T16:42:59.776473600Z,0.01,16851.39
845762,QUOTE_COINBASE_SPOT_BTC_USDT,16852.82,QUOTE_COINBASE_SPOT_BTC_USDT,2023-01-04T16:43:00.393670Z,0.02,939330af-f76c-455f-a1b2-b38227b945a7,2023-01-04T16:43:00.458659900Z,0.01,16851.42
845765,QUOTE_COINBASE_SPOT_BTC_USDT,16852.81,QUOTE_COINBASE_SPOT_BTC_USDT,2023-01-04T16:43:00.919378Z,0.05,d0e51914-9855-4e6d-bd9a-f7dd18156a5b,2023-01-04T16:43:00.978077400Z,0.01,16851.43
845768,QUOTE_COINBASE_SPOT_BTC_USDT,16852.81,QUOTE_COINBASE_SPOT_BTC_USDT,2023-01-04T16:43:01.391080Z,0.02,bbc4547c-d43a-41f3-9c31-63173c3660b3,2023-01-04T16:43:01.450107900Z,0.01,16851.39
845773,QUOTE_COINBASE_SPOT_BTC_USDT,16853.08,QUOTE_COINBASE_SPOT_BTC_USDT,2023-01-04T16:43:01.906617Z,0.16684018,82371ec7-1e71-45e5-9742-e31896159e2b,2023-01-04T16:43:01.966556700Z,0.02,16851.43
845785,QUOTE_COINBASE_SPOT_BTC_USDT,16854.12,QUOTE_COINBASE_SPOT_BTC_USDT,2023-01-04T16:43:02.150721Z,0.02,68b020e5-bae8-421b-b1b2-5c2eafa16b17,2023-01-04T16:43:02.209317600Z,0.01,16851.86
845790,QUOTE_COINBASE_SPOT_BTC_USDT,16854.12,QUOTE_COINBASE_SPOT_BTC_USDT,2023-01-04T16:43:03.343774Z,0.03794989,000d3814-0874-42ae-afad-47a977727518,2023-01-04T16:43:03.402235600Z,0.01,16852.02
845793,QUOTE_COINBASE_SPOT_BTC_USDT,16854.12,QUOTE_COINBASE_SPOT_BTC_USDT,2023-01-04T16:43:03.621220Z,0.02,6e3f420b-afbd-4341-9604-dd7680dac986,2023-01-04T16:43:03.690602600Z,0.01,16852.03
845794,QUOTE_COINBASE_SPOT_BTC_USDT,16854.12,QUOTE_COINBASE_SPOT_BTC_USDT,2023-01-04T16:43:04.336147Z,0.08904326,f1d02973-5d02-482a-a090-efb8a449f3f4,2023-01-04T16:43:04.396701800Z,0.01,16852.05
845795,QUOTE_COINBASE_SPOT_BTC_USDT,16854.12,QUOTE_COINBASE_SPOT_BTC_USDT,2023-01-04T16:43:04.422739Z,0.02,dea77c5f-4fcb-4677-877c-0c46296e4a47,2023-01-04T16:43:04.481686300Z,0.01,16852.06
845799,QUOTE_COINBASE_SPOT_BTC_USDT,16854.12,QUOTE_COINBASE_SPOT_BTC_USDT,2023-01-04T16:43:05.341564Z,0.02,8be832b1-7ac3-4669-890a-25c312cc6ff2,2023-01-04T16:43:05.400179Z,0.01,16852.06
845801,QUOTE_COINBASE_SPOT_BTC_USDT,16854.12,QUOTE_COINBASE_SPOT_BTC_USDT,2023-01-04T16:43:06.388746Z,0.02,b8e56b2e-3b8c-4506-a846-404b0f120990,2023-01-04T16:43:06.450921900Z,0.01,16852.09
845803,QUOTE_COINBASE_SPOT_BTC_USDT,16854.12,QUOTE_COINBASE_SPOT_BTC_USDT,2023-01-04T16:43:06.920477Z,0.02,0d62b0ac-13f8-43c1-94e4-f15cb23282c2,2023-01-04T16:43:06.978805900Z,0.01,16852.09
845807,QUOTE_COINBASE_SPOT_BTC_USDT,16854.12,QUOTE_COINBASE_SPOT_BTC_USDT,2023-01-04T16:43:07.415045Z,0.03794989,bc951ce4-8ad7-45de-a840-7bce46697083,2023-01-04T16:43:07.476694400Z,0.01,16852.16
845817,QUOTE_COINBASE_SPOT_BTC_USDT,16854.72,QUOTE_COINBASE_SPOT_BTC_USDT,2023-01-04T16:43:07.601550Z,0.05935878,ba2f207e-dc66-4177-9ca9-e683e4646bd5,2023-01-04T16:43:07.662309700Z,0.01,16853.02
845823,QUOTE_COINBASE_SPOT_BTC_USDT,16855.64,QUOTE_COINBASE_SPOT_BTC_USDT,2023-01-04T16:43:10.404592Z,0.10935878,758d51e2-0468-4e43-9a9c-17f2c9ac4870,2023-01-04T16:43:10.464447800Z,0.01,16853.02
845828,QUOTE_COINBASE_SPOT_BTC_USDT,16855.87,QUOTE_COINBASE_SPOT_BTC_USDT,2023-01-04T16:43:10.747380Z,0.02,02cae913-0bd9-40de-bcaf-2664b1855833,2023-01-04T16:43:10.806459700Z,0.1,16853.14
845836,QUOTE_COINBASE_SPOT_BTC_USDT,16855.87,QUOTE_COINBASE_SPOT_BTC_USDT,2023-01-04T16:43:11.274452Z,0.02,bc16e265-6237-4ef6-a0bf-c1490700a7e8,2023-01-04T16:43:11.337441500Z,0.1,16853.16
845840,QUOTE_COINBASE_SPOT_BTC_USDT,16855.87,QUOTE_COINBASE_SPOT_BTC_USDT,2023-01-04T16:43:11.733599Z,0.03794989,670b58d9-d300-41ff-bc47-5818999acfd4,2023-01-04T16:43:11.793520Z,0.1,16853.21
845846,QUOTE_COINBASE_SPOT_BTC_USDT,16855.84,QUOTE_COINBASE_SPOT_BTC_USDT,2023-01-04T16:43:12.113961Z,0.02,b5876a60-8555-4e47-a6ff-2a2652a11ced,2023-01-04T16:43:12.173236800Z,0.03794989,16853.2
845848,QUOTE_COINBASE_SPOT_BTC_USDT,16855.84,QUOTE_COINBASE_SPOT_BTC_USDT,2023-01-04T16:43:12.615732Z,0.02,1b6a0f1a-c812-4531-a655-a60e281aa88d,2023-01-04T16:43:12.674151700Z,0.03794989,16853.2
845849,QUOTE_COINBASE_SPOT_BTC_USDT,16855.83,QUOTE_COINBASE_SPOT_BTC_USDT,2023-01-04T16:43:13.013053Z,0.02,c5e322ef-2d81-474b-8d8e-19d9040712ea,2023-01-04T16:43:13.071564800Z,0.004,16853.2
845862,QUOTE_COINBASE_SPOT_BTC_USDT,16856.1,QUOTE_COINBASE_SPOT_BTC_USDT,2023-01-04T16:43:14.420109Z,0.02,d750614d-8c45-4831-ba5a-b674696e1a06,2023-01-04T16:43:14.478353900Z,0.03794989,16853.03
845866,QUOTE_COINBASE_SPOT_BTC_USDT,16856.1,QUOTE_COINBASE_SPOT_BTC_USDT,2023-01-04T16:43:14.735834Z,0.03794989,2231dcb1-82f3-4fbb-a69c-8e5985ce3c50,2023-01-04T16:43:14.800246700Z,0.03794989,16853.26
845875,QUOTE_COINBASE_SPOT_BTC_USDT,16856.19,QUOTE_COINBASE_SPOT_BTC_USDT,2023-01-04T16:43:15.301511Z,0.00028234,3f758bca-98d9-4b20-bc31-f94fe94abb19,2023-01-04T16:43:15.360394Z,0.03794989,16853.36
845881,QUOTE_COINBASE_SPOT_BTC_USDT,16856.28,QUOTE_COINBASE_SPOT_BTC_USDT,2023-01-04T16:43:15.827045Z,0.03794989,1d8bed02-dd4b-483a-980c-8ba8f23cdf01,2023-01-04T16:43:15.885484Z,0.03794989,16853.41
845888,QUOTE_COINBASE_SPOT_BTC_USDT,16856.28,QUOTE_COINBASE_SPOT_BTC_USDT,2023-01-04T16:43:16.295274Z,0.02,90ee98e1-0971-481f-bd53-2dabb035307f,2023-01-04T16:43:16.357974500Z,0.03794989,16853.49
845895,QUOTE_COINBASE_SPOT_BTC_USDT,16856.28,QUOTE_COINBASE_SPOT_BTC_USDT,2023-01-04T16:43:17.271052Z,0.02,11ede9fd-2366-4f32-a511-87d8fe318d75,2023-01-04T16:43:17.333819300Z,0.04194989,16853.49
845900,QUOTE_COINBASE_SPOT_BTC_USDT,16856.03,QUOTE_COINBASE_SPOT_BTC_USDT,2023-01-04T16:43:18.348043Z,0.05935721,860b05bb-0fa8-4195-9318-884b0c7dc63f,2023-01-04T16:43:18.407562200Z,0.03794989,16853.46
845904,QUOTE_COINBASE_SPOT_BTC_USDT,16855.55,QUOTE_COINBASE_SPOT_BTC_USDT,2023-01-04T16:43:18.677729Z,0.05935721,74418141-1033-4adf-8f2f-732c4eabb59d,2023-01-04T16:43:18.740361200Z,0.03794989,16853.46
845912,QUOTE_COINBASE_SPOT_BTC_USDT,16856.1,QUOTE_COINBASE_SPOT_BTC_USDT,2023-01-04T16:43:19.308930Z,0.05935721,1642f7a7-fcfb-4f56-a9ab-7a96ac7da420,2023-01-04T16:43:19.370330200Z,0.03794989,16853.46
845919,QUOTE_COINBASE_SPOT_BTC_USDT,16856.1,QUOTE_COINBASE_SPOT_BTC_USDT,2023-01-04T16:43:20.341136Z,0.02,ee84c58d-ec73-4596-841c-6e73b9bbf323,2023-01-04T16:43:20.399730Z,0.03794989,16853.47
845920,QUOTE_COINBASE_SPOT_BTC_USDT,16856.1,QUOTE_COINBASE_SPOT_BTC_USDT,2023-01-04T16:43:20.528264Z,0.05935721,9a711df5-216c-4103-afa2-a66f9116d559,2023-01-04T16:43:20.586595800Z,0.03794989,16853.46
845921,QUOTE_COINBASE_SPOT_BTC_USDT,16856.09,QUOTE_COINBASE_SPOT_BTC_USDT,2023-01-04T16:43:21.012892Z,0.05935721,0d41dfae-7a3a-4a6a-baf2-38cb7ba445d7,2023-01-04T16:43:21.086758900Z,0.004,16853.46
845927,QUOTE_COINBASE_SPOT_BTC_USDT,16855.62,QUOTE_COINBASE_SPOT_BTC_USDT,2023-01-04T16:43:23.212523Z,0.05935721,11f3092d-fd33-4e00-b173-d8d67414d7d8,2023-01-04T16:43:23.271594800Z,0.004,16853.46
845929,QUOTE_COINBASE_SPOT_BTC_USDT,16855.63,QUOTE_COINBASE_SPOT_BTC_USDT,2023-01-04T16:43:23.830368Z,0.05935721,9d942a01-a4de-4ddf-8ed4-ed7114a6a57e,2023-01-04T16:43:23.892430800Z,0.04194989,16853.46
845936,QUOTE_COINBASE_SPOT_BTC_USDT,16856.1,QUOTE_COINBASE_SPOT_BTC_USDT,2023-01-04T16:43:24.175752Z,0.02,b03bb56a-fc7c-460d-b6eb-e88f1ffa698e,2023-01-04T16:43:24.234807100Z,0.03794989,16853.51
845937,QUOTE_COINBASE_SPOT_BTC_USDT,16856.1,QUOTE_COINBASE_SPOT_BTC_USDT,2023-01-04T16:43:24.598659Z,0.05935721,50701dc0-3fd5-4c37-84da-f0c429b8c71c,2023-01-04T16:43:24.675454700Z,0.03794989,16853.46
845941,QUOTE_COINBASE_SPOT_BTC_USDT,16856.1,QUOTE_COINBASE_SPOT_BTC_USDT,2023-01-04T16:43:25.054357Z,0.05935721,b69bc056-7d10-4f85-84ee-34fdcf5efec9,2023-01-04T16:43:25.114556800Z,0.03794989,16853.46
845949,QUOTE_COINBASE_SPOT_BTC_USDT,16855.84,QUOTE_COINBASE_SPOT_BTC_USDT,2023-01-04T16:43:26.321126Z,0.05935721,de7369bc-4be1-46e4-bf25-2d622d143373,2023-01-04T16:43:26.381149900Z,0.03794989,16853.46
845950,QUOTE_COINBASE_SPOT_BTC_USDT,16855.84,QUOTE_COINBASE_SPOT_BTC_USDT,2023-01-04T16:43:26.566570Z,0.00048377,daa3c2e1-9282-45c2-af2c-7cc65a9a28d4,2023-01-04T16:43:26.628595900Z,0.03794989,16853.47
845951,QUOTE_COINBASE_SPOT_BTC_USDT,16856.1,QUOTE_COINBASE_SPOT_BTC_USDT,2023-01-04T16:43:27.137055Z,0.00048377,da56620c-f49f-4d96-bb8d-b7951a1db252,2023-01-04T16:43:27.195245Z,0.03794989,16853.47
845952,QUOTE_COINBASE_SPOT_BTC_USDT,16856.01,QUOTE_COINBASE_SPOT_BTC_USDT,2023-01-04T16:43:27.914400Z,0.00048377,0c15db5d-e7b0-42c4-95c2-b5682459bb18,2023-01-04T16:43:27.974290600Z,0.05,16853.47
845959,QUOTE_COINBASE_SPOT_BTC_USDT,16855.25,QUOTE_COINBASE_SPOT_BTC_USDT,2023-01-04T16:43:28.075927Z,0.05935721,a385bda3-2e50-48ec-8baf-60345cfb1377,2023-01-04T16:43:28.134343500Z,0.03794989,16853.46
845962,QUOTE_COINBASE_SPOT_BTC_USDT,16854.99,QUOTE_COINBASE_SPOT_BTC_USDT,2023-01-04T16:43:28.823527Z,0.05935721,e11bc8e4-4d1f-43f4-afa4-713df0970b90,2023-01-04T16:43:28.884056100Z,0.01,16853.46
845963,QUOTE_COINBASE_SPOT_BTC_USDT,16854.98,QUOTE_COINBASE_SPOT_BTC_USDT,2023-01-04T16:43:29.013460Z,0.05935721,cddae25f-8fe0-44b7-8c0c-d76ae8eceb87,2023-01-04T16:43:29.076998200Z,0.004,16853.46
845966,QUOTE_COINBASE_SPOT_BTC_USDT,16854.99,QUOTE_COINBASE_SPOT_BTC_USDT,2023-01-04T16:43:30.833440Z,0.05935721,412579e8-92b8-4c13-9e40-ad76dde27fd2,2023-01-04T16:43:30.892479Z,0.01,16853.46
845967,QUOTE_COINBASE_SPOT_BTC_USDT,16854.98,QUOTE_COINBASE_SPOT_BTC_USDT,2023-01-04T16:43:31.018259Z,0.05935721,12073463-b0ae-43fc-b5c5-a278e86095ed,2023-01-04T16:43:31.082483200Z,0.004,16853.46
845974,QUOTE_COINBASE_SPOT_BTC_USDT,16854.97,QUOTE_COINBASE_SPOT_BTC_USDT,2023-01-04T16:43:33.427151Z,0.10935721,742d0fcc-7aa5-42b7-87ce-af0f05f5d4cc,2023-01-04T16:43:33.485781200Z,0.01,16853.46
845975,QUOTE_COINBASE_SPOT_BTC_USDT,16854.97,QUOTE_COINBASE_SPOT_BTC_USDT,2023-01-04T16:43:33.455372Z,0.02,dcf39ee3-3284-45d7-85e9-ad5a9793885f,2023-01-04T16:43:33.514133600Z,0.01,16853.47
845976,QUOTE_COINBASE_SPOT_BTC_USDT,16854.97,QUOTE_COINBASE_SPOT_BTC_USDT,2023-01-04T16:43:35.485043Z,0.05935721,8f6ea689-4e8d-48a6-afa5-ad4ce7526079,2023-01-04T16:43:35.546019500Z,0.01,16853.46
845986,QUOTE_COINBASE_SPOT_BTC_USDT,16854.97,QUOTE_COINBASE_SPOT_BTC_USDT,2023-01-04T16:43:39.268895Z,0.05935611,863d926f-7a9d-48ee-9153-e833e44155df,2023-01-04T16:43:39.327128800Z,0.01,16853.9
845987,QUOTE_COINBASE_SPOT_BTC_USDT,16855.95,QUOTE_COINBASE_SPOT_BTC_USDT,2023-01-04T16:43:41.357888Z,0.05935611,77e5b72e-91f8-482d-a4d8-04d3738f8c33,2023-01-04T16:43:41.416430400Z,0.179,16853.9
845996,QUOTE_COINBASE_SPOT_BTC_USDT,16855.95,QUOTE_COINBASE_SPOT_BTC_USDT,2023-01-04T16:43:41.908522Z,0.08794989,6cfceff2-2e8c-4ebf-a362-3008a5354a6c,2023-01-04T16:43:41.971247700Z,0.179,16853.93
846009,QUOTE_COINBASE_SPOT_BTC_USDT,16857.09,QUOTE_COINBASE_SPOT_BTC_USDT,2023-01-04T16:43:42.377767Z,9.75e-06,a5b317f5-bf6c-4ab0-b098-55e955239b49,2023-01-04T16:43:42.436317800Z,0.02,16855.69
846011,QUOTE_COINBASE_SPOT_BTC_USDT,16856.53,QUOTE_COINBASE_SPOT_BTC_USDT,2023-01-04T16:43:42.588740Z,9.75e-06,48f7a146-f645-471a-bdfa-94d76030fa95,2023-01-04T16:43:42.648539400Z,0.01,16855.69
846012,QUOTE_COINBASE_SPOT_BTC_USDT,16856.53,QUOTE_COINBASE_SPOT_BTC_USDT,2023-01-04T16:43:43.677767Z,0.08902539,be8f76be-543f-4ee2-8c01-4e289cb87be4,2023-01-04T16:43:43.737308800Z,0.01,16855.55
846013,QUOTE_COINBASE_SPOT_BTC_USDT,16856.53,QUOTE_COINBASE_SPOT_BTC_USDT,2023-01-04T16:43:43.987194Z,0.05934975,354b4a38-9325-4efc-a29e-9564956db46e,2023-01-04T16:43:44.046058Z,0.01,16855.69
846015,QUOTE_COINBASE_SPOT_BTC_USDT,16856.53,QUOTE_COINBASE_SPOT_BTC_USDT,2023-01-04T16:43:44.672434Z,8.69e-06,736a9bf9-1179-43be-96fb-ed2e1ff1e2fe,2023-01-04T16:43:44.731466200Z,0.01,16855.69
846018,QUOTE_COINBASE_SPOT_BTC_USDT,16856.53,QUOTE_COINBASE_SPOT_BTC_USDT,2023-01-04T16:43:50.333405Z,0.0312,f424595e-4604-4960-ba42-3040b4dffdce,2023-01-04T16:43:50.392523400Z,0.01,16855.14
846026,QUOTE_COINBASE_SPOT_BTC_USDT,16856.5,QUOTE_COINBASE_SPOT_BTC_USDT,2023-01-04T16:43:50.916681Z,0.05934975,861114bc-3dc6-4a33-be93-e2efe9497be5,2023-01-04T16:43:50.975623Z,0.01186729,16855.69
846030,QUOTE_COINBASE_SPOT_BTC_USDT,16856.47,QUOTE_COINBASE_SPOT_BTC_USDT,2023-01-04T16:43:51.413028Z,0.0004335,cad184a0-100b-46df-b622-919e882c2fb1,2023-01-04T16:43:51.472974900Z,0.01186733,16854.16
846043,QUOTE_COINBASE_SPOT_BTC_USDT,16856.06,QUOTE_COINBASE_SPOT_BTC_USDT,2023-01-04T16:43:51.555001Z,0.05935462,308feba5-0919-45f1-930d-eeb51157fa14,2023-01-04T16:43:51.632220500Z,0.03794989,16854.2
846050,QUOTE_COINBASE_SPOT_BTC_USDT,16855.89,QUOTE_COINBASE_SPOT_BTC_USDT,2023-01-04T16:43:52.373531Z,0.05935462,514f1ff4-e9ae-4aca-b2c9-0f58923575e6,2023-01-04T16:43:52.433430800Z,0.03794989,16854.2
846073,QUOTE_COINBASE_SPOT_BTC_USDT,16855.33,QUOTE_COINBASE_SPOT_BTC_USDT,2023-01-04T16:43:52.896933Z,0.05935462,e628b1ab-b4b6-4e23-befe-3fe477778f30,2023-01-04T16:43:52.955968Z,0.03794989,16854.2
846082,QUOTE_COINBASE_SPOT_BTC_USDT,16855.32,QUOTE_COINBASE_SPOT_BTC_USDT,2023-01-04T16:43:53.422368Z,0.05935912,26e2efd8-550e-42bb-ac61-3f738a7bac15,2023-01-04T16:43:53.481966Z,0.024,16852.94
846093,QUOTE_COINBASE_SPOT_BTC_USDT,16855.67,QUOTE_COINBASE_SPOT_BTC_USDT,2023-01-04T16:43:53.627669Z,0.14838654,76e4cb8e-334f-4538-9125-571a03f9d3fd,2023-01-04T16:43:53.693562Z,0.03794989,16854.2
846094,QUOTE_COINBASE_SPOT_BTC_USDT,16855.66,QUOTE_COINBASE_SPOT_BTC_USDT,2023-01-04T16:43:54.013712Z,0.14838654,d6da575b-83f6-4f42-aa11-8a53f26ed336,2023-01-04T16:43:54.072737200Z,0.004,16854.2
846111,QUOTE_COINBASE_SPOT_BTC_USDT,16854.88,QUOTE_COINBASE_SPOT_BTC_USDT,2023-01-04T16:43:54.871253Z,0.05935912,09d18193-86e5-4118-a320-d90afce19587,2023-01-04T16:43:54.930864300Z,0.03794989,16852.94
846116,QUOTE_COINBASE_SPOT_BTC_USDT,16854.64,QUOTE_COINBASE_SPOT_BTC_USDT,2023-01-04T16:43:55.141350Z,0.08903675,3568533f-a612-4e99-99ac-9a77f60dcc14,2023-01-04T16:43:55.199822400Z,0.004,16853.28
846123,QUOTE_COINBASE_SPOT_BTC_USDT,16854.83,QUOTE_COINBASE_SPOT_BTC_USDT,2023-01-04T16:43:55.670817Z,0.08903675,b00e2021-8d73-4fc0-977f-6ab457c0c92e,2023-01-04T16:43:55.728920100Z,0.03794989,16853.28
846124,QUOTE_COINBASE_SPOT_BTC_USDT,16854.82,QUOTE_COINBASE_SPOT_BTC_USDT,2023-01-04T16:43:56.019724Z,0.08903675,b2265712-2fba-4a1d-b6ca-9ab2be471a55,2023-01-04T16:43:56.078687800Z,0.004,16853.28
846128,QUOTE_COINBASE_SPOT_BTC_USDT,16854.59,QUOTE_COINBASE_SPOT_BTC_USDT,2023-01-04T16:43:58.268117Z,0.05935895,a5847255-255b-419f-990b-e838a4d6ab7d,2023-01-04T16:43:58.336297100Z,0.004,16852.96
846133,QUOTE_COINBASE_SPOT_BTC_USDT,16854.68,QUOTE_COINBASE_SPOT_BTC_USDT,2023-01-04T16:43:59.138006Z,0.08903675,ffb2f38b-2601-416e-94c5-52e230d1ff55,2023-01-04T16:43:59.208500700Z,0.004,16853.28
846135,QUOTE_COINBASE_SPOT_BTC_USDT,16854.77,QUOTE_COINBASE_SPOT_BTC_USDT,2023-01-04T16:44:00.262020Z,0.08903675,2030bd29-1fb2-4cf6-9574-bdf3961aadc8,2023-01-04T16:44:00.320688200Z,0.004,16853.28
846137,QUOTE_COINBASE_SPOT_BTC_USDT,16854.85,QUOTE_COINBASE_SPOT_BTC_USDT,2023-01-04T16:44:00.605433Z,0.08903675,80553e55-1a4b-4c78-b601-28ce2e405ccc,2023-01-04T16:44:00.666587500Z,0.004,16853.28
846147,QUOTE_COINBASE_SPOT_BTC_USDT,16854.89,QUOTE_COINBASE_SPOT_BTC_USDT,2023-01-04T16:44:01.372181Z,0.08903675,dabe296b-3b91-4f2e-b39f-c35f0dff7c6a,2023-01-04T16:44:01.430527600Z,0.01,16853.28
846150,QUOTE_COINBASE_SPOT_BTC_USDT,16854.88,QUOTE_COINBASE_SPOT_BTC_USDT,2023-01-04T16:44:02.085164Z,0.08903675,1cf797aa-66b2-419e-8f67-7a29a2ee1b82,2023-01-04T16:44:02.157981Z,0.004,16853.28
846171,QUOTE_COINBASE_SPOT_BTC_USDT,16854.49,QUOTE_COINBASE_SPOT_BTC_USDT,2023-01-04T16:44:03.404117Z,0.02660101,1a0af9aa-e1e9-4a9e-a75a-377ddb9368da,2023-01-04T16:44:03.463470800Z,0.03794989,16851.74
846201,QUOTE_COINBASE_SPOT_BTC_USDT,16854.06,QUOTE_COINBASE_SPOT_BTC_USDT,2023-01-04T16:44:03.893097Z,0.05936264,a63a9544-d075-4b7b-a563-ed4aea4b0443,2023-01-04T16:44:03.951973600Z,0.02,16851.95
846204,QUOTE_COINBASE_SPOT_BTC_USDT,16853.99,QUOTE_COINBASE_SPOT_BTC_USDT,2023-01-04T16:44:04.032413Z,0.05936264,e7ab698b-c799-43a9-89ba-433a64cab1a4,2023-01-04T16:44:04.094822300Z,0.004,16851.95
846209,QUOTE_COINBASE_SPOT_BTC_USDT,16854.26,QUOTE_COINBASE_SPOT_BTC_USDT,2023-01-04T16:44:04.895390Z,0.05936247,7285f0f6-3bf8-4648-8b0f-83bb080ac871,2023-01-04T16:44:04.956037400Z,0.03794989,16851.97
846210,QUOTE_COINBASE_SPOT_BTC_USDT,16854.25,QUOTE_COINBASE_SPOT_BTC_USDT,2023-01-04T16:44:05.024584Z,0.05936247,ba8179dd-c1d0-417b-9c0e-abcc20be5881,2023-01-04T16:44:05.103523300Z,0.004,16851.97
846214,QUOTE_COINBASE_SPOT_BTC_USDT,16854.25,QUOTE_COINBASE_SPOT_BTC_USDT,2023-01-04T16:44:05.562956Z,0.05936247,f222f942-a4d5-4109-bfee-0f6882674d3d,2023-01-04T16:44:05.628977400Z,0.004,16851.97
846219,QUOTE_COINBASE_SPOT_BTC_USDT,16853.79,QUOTE_COINBASE_SPOT_BTC_USDT,2023-01-04T16:44:07.718879Z,0.05936247,267fa8c4-e19f-45b7-b49b-e7b61c0c127c,2023-01-04T16:44:07.778279900Z,0.03794989,16851.97
846220,QUOTE_COINBASE_SPOT_BTC_USDT,16853.78,QUOTE_COINBASE_SPOT_BTC_USDT,2023-01-04T16:44:08.032975Z,0.05936247,f5af84bc-83f4-4731-a1e3-65d23ed112ca,2023-01-04T16:44:08.091447900Z,0.004,16851.97
846221,QUOTE_COINBASE_SPOT_BTC_USDT,16853.78,QUOTE_COINBASE_SPOT_BTC_USDT,2023-01-04T16:44:08.783296Z,0.10936247,08978b83-d92a-4784-bbc3-49bed9fc4781,2023-01-04T16:44:08.842174700Z,0.004,16851.97
846225,QUOTE_COINBASE_SPOT_BTC_USDT,16854.25,QUOTE_COINBASE_SPOT_BTC_USDT,2023-01-04T16:44:09.224865Z,0.10936247,3a3e5463-ccfb-4982-a771-b97f174b22ba,2023-01-04T16:44:09.284578500Z,0.004,16851.97
846226,QUOTE_COINBASE_SPOT_BTC_USDT,16854.25,QUOTE_COINBASE_SPOT_BTC_USDT,2023-01-04T16:44:09.658965Z,0.05936247,7a3930a5-87fc-452a-b3c0-d53a42628da4,2023-01-04T16:44:09.717197600Z,0.004,16851.97
846230,QUOTE_COINBASE_SPOT_BTC_USDT,16853.79,QUOTE_COINBASE_SPOT_BTC_USDT,2023-01-04T16:44:12.307605Z,0.05936247,a9a320ed-04d6-44bc-975a-38a01a92ef74,2023-01-04T16:44:12.366948400Z,0.03794989,16851.97
846231,QUOTE_COINBASE_SPOT_BTC_USDT,16853.78,QUOTE_COINBASE_SPOT_BTC_USDT,2023-01-04T16:44:13.063977Z,0.05936247,18719184-f15f-48d6-93dc-64b0bc413f09,2023-01-04T16:44:13.142543400Z,0.004,16851.97
846269,QUOTE_COINBASE_SPOT_BTC_USDT,16853.56,QUOTE_COINBASE_SPOT_BTC_USDT,2023-01-04T16:44:15.837142Z,0.25209004,4bd37533-1e34-414a-8c4f-ac18fc511d4f,2023-01-04T16:44:15.895760500Z,0.03794989,16850.28
846272,QUOTE_COINBASE_SPOT_BTC_USDT,16853.55,QUOTE_COINBASE_SPOT_BTC_USDT,2023-01-04T16:44:16.030038Z,0.02,767373f5-3952-46a4-b4bc-60b3dc4b055b,2023-01-04T16:44:16.094086300Z,0.004,16850.29
846285,QUOTE_COINBASE_SPOT_BTC_USDT,16852.82,QUOTE_COINBASE_SPOT_BTC_USDT,2023-01-04T16:44:16.889363Z,0.28746726,215c17c0-ad6b-4830-957b-294fb9c4126d,2023-01-04T16:44:16.953115Z,0.03794989,16850.74
846291,QUOTE_COINBASE_SPOT_BTC_USDT,16852.82,QUOTE_COINBASE_SPOT_BTC_USDT,2023-01-04T16:44:17.054596Z,0.28746726,4bed2cca-8c87-4d06-9e31-9fde41dfe13f,2023-01-04T16:44:17.118119800Z,0.03794989,16850.74
846292,QUOTE_COINBASE_SPOT_BTC_USDT,16852.82,QUOTE_COINBASE_SPOT_BTC_USDT,2023-01-04T16:44:17.604454Z,0.37651748,a7c3d1b8-b0e1-409f-849d-e7185a663d91,2023-01-04T16:44:17.667826600Z,0.03794989,16850.74
846301,QUOTE_COINBASE_SPOT_BTC_USDT,16852.82,QUOTE_COINBASE_SPOT_BTC_USDT,2023-01-04T16:44:18.113587Z,0.32651748,6fe369b0-cc12-4554-b976-7a40405d3dba,2023-01-04T16:44:18.171999500Z,0.03794989,16850.74
846302,QUOTE_COINBASE_SPOT_BTC_USDT,16852.82,QUOTE_COINBASE_SPOT_BTC_USDT,2023-01-04T16:44:18.693483Z,0.05,295bb2e6-1aa4-4e81-a124-b68759a22bee,2023-01-04T16:44:18.753303400Z,0.03794989,16850.75
846310,QUOTE_COINBASE_SPOT_BTC_USDT,16852.86,QUOTE_COINBASE_SPOT_BTC_USDT,2023-01-04T16:44:19.259158Z,0.32651748,b1f2f4d5-12e6-4325-9703-4cbfd4e91e4e,2023-01-04T16:44:19.319272200Z,0.01,16850.74
846333,QUOTE_COINBASE_SPOT_BTC_USDT,16852.47,QUOTE_COINBASE_SPOT_BTC_USDT,2023-01-04T16:44:19.870126Z,0.05936922,f4e0f328-4743-476a-90a8-00acfed17c34,2023-01-04T16:44:19.928591300Z,0.03794989,16850.05
846340,QUOTE_COINBASE_SPOT_BTC_USDT,16851.7,QUOTE_COINBASE_SPOT_BTC_USDT,2023-01-04T16:44:20.764383Z,0.05936922,48a0d1fd-0d65-4d76-975a-042d3a0879f8,2023-01-04T16:44:20.826308500Z,0.03794989,16850.05
846343,QUOTE_COINBASE_SPOT_BTC_USDT,16851.47,QUOTE_COINBASE_SPOT_BTC_USDT,2023-01-04T16:44:21.121618Z,0.05936922,d57cd8ca-b04b-4682-af9a-6dae45b92221,2023-01-04T16:44:21.179844800Z,0.03794989,16850.05
846348,QUOTE_COINBASE_SPOT_BTC_USDT,16851.03,QUOTE_COINBASE_SPOT_BTC_USDT,2023-01-04T16:44:21.734185Z,0.02236922,5f41d72e-02fb-4ca1-86a3-64fdad7d2bf8,2023-01-04T16:44:21.794967100Z,0.03794989,16850.05
846354,QUOTE_COINBASE_SPOT_BTC_USDT,16850.7,QUOTE_COINBASE_SPOT_BTC_USDT,2023-01-04T16:44:22.239518Z,0.00012729,ce5dff30-c761-4854-a526-4fb571633f80,2023-01-04T16:44:22.308077400Z,0.03794989,16849.24
846359,QUOTE_COINBASE_SPOT_BTC_USDT,16851.16,QUOTE_COINBASE_SPOT_BTC_USDT,2023-01-04T16:44:22.687458Z,0.02,0832bce0-8d79-45ee-a18e-d20f9474a5b1,2023-01-04T16:44:22.746371200Z,0.01,16849.28
846361,QUOTE_COINBASE_SPOT_BTC_USDT,16851.16,QUOTE_COINBASE_SPOT_BTC_USDT,2023-01-04T16:44:24.344714Z,0.02,5cdfba88-34ac-4a34-9ee5-393d110eb047,2023-01-04T16:44:24.407717700Z,0.01,16849.33
846367,QUOTE_COINBASE_SPOT_BTC_USDT,16852.44,QUOTE_COINBASE_SPOT_BTC_USDT,2023-01-04T16:44:24.919889Z,0.02,43654bfc-993d-4d66-a8fa-c9b5ec202b80,2023-01-04T16:44:24.979767100Z,0.00084391,16850.3
846397,QUOTE_COINBASE_SPOT_BTC_USDT,16853.47,QUOTE_COINBASE_SPOT_BTC_USDT,2023-01-04T16:44:25.413233Z,0.02,528ca5cd-9481-4384-9df9-32e532449ff1,2023-01-04T16:44:25.472786500Z,0.12698574,16850.98
846416,QUOTE_COINBASE_SPOT_BTC_USDT,16853.03,QUOTE_COINBASE_SPOT_BTC_USDT,2023-01-04T16:44:25.892230Z,0.05935989,8c222302-64bf-4645-9145-c0139c701da9,2023-01-04T16:44:25.953585800Z,0.04,16852.71
846423,QUOTE_COINBASE_SPOT_BTC_USDT,16853.23,QUOTE_COINBASE_SPOT_BTC_USDT,2023-01-04T16:44:26.356341Z,0.05935989,2990b09f-01a1-4005-9ebb-95d94fe91620,2023-01-04T16:44:26.415869100Z,0.04,16852.71
846425,QUOTE_COINBASE_SPOT_BTC_USDT,16853.04,QUOTE_COINBASE_SPOT_BTC_USDT,2023-01-04T16:44:26.584141Z,0.05935989,4e398543-1a96-49c2-8e4a-da087bf514eb,2023-01-04T16:44:26.642892700Z,0.01,16852.71
846429,QUOTE_COINBASE_SPOT_BTC_USDT,16853.04,QUOTE_COINBASE_SPOT_BTC_USDT,2023-01-04T16:44:27.332248Z,0.05935989,2268ea1e-20c4-49ae-8dbf-602fdd96b3a8,2023-01-04T16:44:27.390936900Z,0.01,16852.71
846433,QUOTE_COINBASE_SPOT_BTC_USDT,16853.04,QUOTE_COINBASE_SPOT_BTC_USDT,2023-01-04T16:44:27.635006Z,0.05935989,f01c3744-7a78-4a3c-84fd-4e4550341d84,2023-01-04T16:44:27.694383200Z,0.01,16852.71
846445,QUOTE_COINBASE_SPOT_BTC_USDT,16854.04,QUOTE_COINBASE_SPOT_BTC_USDT,2023-01-04T16:44:28.315383Z,0.1090395,39b254de-f767-4904-af00-8b8dc325894d,2023-01-04T16:44:28.375956300Z,0.01,16852.76
846446,QUOTE_COINBASE_SPOT_BTC_USDT,16854.04,QUOTE_COINBASE_SPOT_BTC_USDT,2023-01-04T16:44:28.807766Z,0.0890395,bc454b55-d47b-4347-84eb-90a50b250e7b,2023-01-04T16:44:28.866274200Z,0.01,16852.76
846449,QUOTE_COINBASE_SPOT_BTC_USDT,16854.04,QUOTE_COINBASE_SPOT_BTC_USDT,2023-01-04T16:44:29.021152Z,0.05935989,4513fa7a-f5f2-4f11-9e2b-831768234435,2023-01-04T16:44:29.081313400Z,0.01,16852.71
846451,QUOTE_COINBASE_SPOT_BTC_USDT,16854.04,QUOTE_COINBASE_SPOT_BTC_USDT,2023-01-04T16:44:29.695790Z,0.05935989,062b1273-aff8-49d7-aa54-1952265aa07d,2023-01-04T16:44:29.754473200Z,0.01,16852.71
846454,QUOTE_COINBASE_SPOT_BTC_USDT,16854.04,QUOTE_COINBASE_SPOT_BTC_USDT,2023-01-04T16:44:30.297160Z,0.05,2a33e20b-e538-4c4b-97eb-50af8cd58969,2023-01-04T16:44:30.358594300Z,0.01,16852.78
846457,QUOTE_COINBASE_SPOT_BTC_USDT,16854.04,QUOTE_COINBASE_SPOT_BTC_USDT,2023-01-04T16:44:30.892334Z,0.02,b4304cc2-0691-4866-8427-f84fb8050b21,2023-01-04T16:44:30.956343700Z,0.01,16852.88
846459,QUOTE_COINBASE_SPOT_BTC_USDT,16854.02,QUOTE_COINBASE_SPOT_BTC_USDT,2023-01-04T16:44:31.307133Z,0.02,20770bff-4911-4609-8707-0c40be797b73,2023-01-04T16:44:31.366592300Z,0.01,16852.88
846464,QUOTE_COINBASE_SPOT_BTC_USDT,16854.2,QUOTE_COINBASE_SPOT_BTC_USDT,2023-01-04T16:44:31.781270Z,0.02,bb28044d-5efd-4b35-9534-8c6063856aff,2023-01-04T16:44:31.840573800Z,0.04,16852.88
846465,QUOTE_COINBASE_SPOT_BTC_USDT,16854.02,QUOTE_COINBASE_SPOT_BTC_USDT,2023-01-04T16:44:31.999475Z,0.02,6af2371f-8579-4a63-8560-006172413b8d,2023-01-04T16:44:32.061042800Z,0.01,16852.88
846469,QUOTE_COINBASE_SPOT_BTC_USDT,16854.02,QUOTE_COINBASE_SPOT_BTC_USDT,2023-01-04T16:44:32.666465Z,0.05935989,8e851bb3-365f-446a-b264-019b217c17cc,2023-01-04T16:44:32.725812500Z,0.01,16852.71
846473,QUOTE_COINBASE_SPOT_BTC_USDT,16854.02,QUOTE_COINBASE_SPOT_BTC_USDT,2023-01-04T16:44:33.997153Z,0.05935989,84b77d3c-628e-41a8-9ed0-8d9276f72962,2023-01-04T16:44:34.058884900Z,0.01,16852.71
846482,QUOTE_COINBASE_SPOT_BTC_USDT,16853.62,QUOTE_COINBASE_SPOT_BTC_USDT,2023-01-04T16:44:35.354268Z,1.086e-05,00bc978f-8fce-4bc7-9722-f75c7ba9f534,2023-01-04T16:44:35.415443900Z,0.03794989,16852.48
846486,QUOTE_COINBASE_SPOT_BTC_USDT,16853.32,QUOTE_COINBASE_SPOT_BTC_USDT,2023-01-04T16:44:35.920259Z,1.086e-05,3649e9af-74fa-4e49-b45d-da1cef8f7409,2023-01-04T16:44:35.978594200Z,0.03794989,16852.48
846493,QUOTE_COINBASE_SPOT_BTC_USDT,16853.41,QUOTE_COINBASE_SPOT_BTC_USDT,2023-01-04T16:44:36.335734Z,9.89e-06,657546f2-43c7-4e4e-b678-6093606383ca,2023-01-04T16:44:36.394176900Z,0.03794989,16852.71
846495,QUOTE_COINBASE_SPOT_BTC_USDT,16853.37,QUOTE_COINBASE_SPOT_BTC_USDT,2023-01-04T16:44:36.827667Z,9.89e-06,1bacdda2-e0e5-410a-9227-1d8b2713babd,2023-01-04T16:44:36.886665400Z,0.03794989,16852.71
846515,QUOTE_COINBASE_SPOT_BTC_USDT,16853.12,QUOTE_COINBASE_SPOT_BTC_USDT,2023-01-04T16:44:37.347807Z,1.44e-06,41a9b60f-0f4f-4e06-888f-f358c9cd74bd,2023-01-04T16:44:37.409423100Z,0.03794989,16852.26
846520,QUOTE_COINBASE_SPOT_BTC_USDT,16853.11,QUOTE_COINBASE_SPOT_BTC_USDT,2023-01-04T16:44:38.404436Z,1.44e-06,5fbcbbb4-4a42-412e-a311-5f735a98f7a4,2023-01-04T16:44:38.463980800Z,0.01,16852.26
846525,QUOTE_COINBASE_SPOT_BTC_USDT,16852.87,QUOTE_COINBASE_SPOT_BTC_USDT,2023-01-04T16:44:39.310677Z,0.05936536,0b012c06-5c6f-4305-a1d2-e331fe968e08,2023-01-04T16:44:39.372188700Z,0.004,16851.15
846527,QUOTE_COINBASE_SPOT_BTC_USDT,16852.65,QUOTE_COINBASE_SPOT_BTC_USDT,2023-01-04T16:44:39.569613Z,0.05936536,90449770-4912-4f58-8ead-ce0f84dcf411,2023-01-04T16:44:39.629105500Z,0.03794989,16851.15
846529,QUOTE_COINBASE_SPOT_BTC_USDT,16852.64,QUOTE_COINBASE_SPOT_BTC_USDT,2023-01-04T16:44:40.385807Z,0.08905023,fa2c2192-9186-463e-bd61-224d519dc5e1,2023-01-04T16:44:40.444021900Z,0.004,16850.74
846536,QUOTE_COINBASE_SPOT_BTC_USDT,16852.19,QUOTE_COINBASE_SPOT_BTC_USDT,2023-01-04T16:44:40.906746Z,0.05936696,53e27b44-fdd0-4ea8-877e-b16886fbb872,2023-01-04T16:44:40.969341500Z,0.03794989,16850.69
846539,QUOTE_COINBASE_SPOT_BTC_USDT,16852.29,QUOTE_COINBASE_SPOT_BTC_USDT,2023-01-04T16:44:41.047760Z,0.05936696,f1c9dda4-1751-4709-9038-e2e55fcc3997,2023-01-04T16:44:41.106493Z,0.004,16850.69
846544,QUOTE_COINBASE_SPOT_BTC_USDT,16852.35,QUOTE_COINBASE_SPOT_BTC_USDT,2023-01-04T16:44:41.707449Z,0.05936696,b2faef5d-d3b8-4223-a6f9-d0f70d4af4e9,2023-01-04T16:44:41.766132200Z,0.03794989,16850.69
846554,QUOTE_COINBASE_SPOT_BTC_USDT,16852.09,QUOTE_COINBASE_SPOT_BTC_USDT,2023-01-04T16:44:42.298994Z,0.05936696,f67a06c6-e35b-445d-9e8a-6fb8a1c122b1,2023-01-04T16:44:42.363887900Z,0.03794989,16850.69
846556,QUOTE_COINBASE_SPOT_BTC_USDT,16852.2,QUOTE_COINBASE_SPOT_BTC_USDT,2023-01-04T16:44:42.591306Z,0.05936696,23e6ca8b-afdd-4486-b7a7-f33a42e9ff3a,2023-01-04T16:44:42.651421600Z,0.03794989,16850.69
